Timestamp,TradeId,Price,Amount,Type
1538092557,299373065,0.0094607,7.84236344,buy
1538092557,299373064,0.0094607,42.15763656,buy
1538092520,299373018,0.009459,0.5,sell
1538092265,299372538,0.0094607,2.29558696,buy
1538092128,299372244,0.0094607,2.6233,buy
1538092124,299372236,0.0094563,0.339,sell
1538092119,299372233,0.0094607,5.79347648,buy
1538091956,299371635,0.0094528,2.81417734,buy
1538091956,299371634,0.0094528,1.40612266,buy
1538091749,299371049,0.00945,3.45914589,buy
1538091710,299370938,0.0094314,1.01955176,buy
1538091693,299370884,0.0094426,1.40992739,sell
1538091693,299370883,0.0094427,4.74672,sell
1538091621,299370673,0.0094459,0.912,sell
1538091605,299370585,0.00945,0.2,buy
1538091567,299370447,0.0094496,1.404,sell
1538091562,299370437,0.0094535,0.404798,sell
1538091562,299370436,0.0094535,0.40849391,sell
1538091562,299370435,0.0094535,0.89174597,sell
1538091562,299370434,0.0094544,0.00000212,sell
1538091561,299370433,0.0094544,3.75924,sell
1538091276,299369678,0.0094494,0.499,sell
1538091169,299369361,0.0094592,1.41664742,buy
1538091169,299369360,0.0094592,1.08335258,buy
1538090990,299368865,0.0094504,0.623068,sell
1538090794,299368232,0.0094606,38.07811607,buy
1538090794,299368231,0.0094599,3.996,buy
1538090735,299367920,0.0094516,1.244108,sell
1538090662,299367542,0.0094564,1.62971848,sell
1538090473,299366784,0.0094598,3.0,buy
1538090121,299365783,0.0094198,2.0104235,sell
1538090045,299365558,0.0094303,11.12,buy
1538090045,299365557,0.0094303,8.88,buy
1538090045,299365554,0.0094303,11.12,buy
1538090035,299365497,0.0094326,8.88,buy
1538090013,299365417,0.0094534,29.0,sell
1538089955,299365307,0.0094514,0.31798205,sell
1538089954,299365299,0.0094614,2.61636038,sell
1538089954,299365298,0.0094615,2.85199952,sell
1538089954,299365297,0.0094637,2.24693401,sell
1538089954,299365296,0.0094637,0.35270541,sell
1538089954,299365295,0.0094637,2.22868524,sell
1538089954,299365294,0.0094637,0.93546256,sell
1538089954,299365293,0.0094637,0.61067157,sell
1538089954,299365292,0.0094637,0.51992492,sell
1538089940,299365266,0.0094623,0.29351935,sell
1538089940,299365265,0.0094625,10.0,sell
1538089940,299365264,0.0094625,0.2,sell
1538089940,299365263,0.0094625,0.2,sell
1538089898,299365021,0.0094699,5.0,sell
1538089894,299364954,0.0094724,5.0,sell
1538089773,299364311,0.0094761,0.712,buy
1538089768,299364298,0.0094642,2.34087,buy
1538089768,299364297,0.0094642,5.0,buy
1538089676,299364055,0.0094548,1.90999952,buy
1538089676,299364054,0.00945,0.00000048,buy
1538089666,299363978,0.00945,22.78275,buy
1538089591,299363685,0.0094493,1.23,buy
1538089484,299363445,0.0094492,0.59896343,buy
1538089426,299363288,0.0094319,0.7,sell
1538089413,299363276,0.0094282,0.2,sell
1538089412,299363274,0.0094282,0.94030251,sell
1538089412,299363273,0.0094282,0.45969749,sell
1538089102,299362523,0.0094348,0.47297574,buy
1538089102,299362522,0.0094348,0.42847294,buy
1538089102,299362521,0.0094348,0.20944963,buy
1538089037,299362358,0.0094322,5.0,sell
1538089032,299362347,0.0094365,10.57920571,sell
1538089032,299362346,0.0094365,1.45526429,sell
1538089032,299362343,0.0094365,40.87053857,sell
1538089032,299362342,0.0094365,1.16290143,sell
1538089032,299362340,0.0094365,20.0,sell
1538088935,299362028,0.009445,1.58348,sell
1538088935,299362027,0.009445,1.583332,sell
1538088850,299361730,0.0094474,4.0,buy
1538088836,299361525,0.0094349,5.0,buy
1538088836,299361508,0.0094301,88.92549707,buy
1538088736,299361079,0.0094301,1.8600246,buy
1538088695,299360983,0.0094301,4.799022,buy
1538088695,299360982,0.0094301,11.860019,buy
1538088693,299360973,0.0094299,4.0,buy
1538088640,299360779,0.0094301,3.738,sell
1538088636,299360777,0.0094297,15.57962608,sell
1538088636,299360776,0.00943,0.29037392,sell
1538088636,299360775,0.00943,4.0,sell
1538088631,299360705,0.0094637,21.13,sell
1538088631,299360704,0.0094637,20.77,sell
1538088627,299360697,0.0094593,0.2,sell
1538088626,299360688,0.0094658,20.0,sell
1538088622,299360652,0.0094659,10.0,buy
1538088621,299360648,0.0094659,1.494,buy
1538088621,299360643,0.0094659,8.0,buy
1538088618,299360610,0.0094659,2.283,buy
1538088618,299360589,0.0094659,0.3,buy
1538088617,299360588,0.0094659,0.6,buy
1538088617,299360577,0.0094659,0.376,buy
1538088617,299360576,0.0094659,0.552,buy
1538088616,299360569,0.0094659,1.134,buy
1538088616,299360564,0.0094659,0.322,buy
1538088616,299360554,0.0094659,2.143,buy
1538088616,299360553,0.0094659,1.045,buy
1538088616,299360552,0.0094659,1.062,buy
1538088616,299360551,0.0094659,0.455,buy
1538088616,299360550,0.0094659,2.638,buy
1538088615,299360539,0.0094659,1.288,buy
1538088615,299360535,0.0094659,7.95795796,buy
1538088615,299360528,0.0094659,1.0,buy
1538088613,299360466,0.0094473,143.0,buy
1538088610,299360397,0.0094309,22.42,buy
1538088610,299360380,0.0094232,21.0,buy
1538088610,299360345,0.0094242,53.08,buy
1538088571,299359987,0.0094211,31.0,buy
1538088571,299359986,0.0094211,15.0,buy
1538088567,299359970,0.0094211,5.0,buy
1538088559,299359939,0.0094174,4.0,buy
1538088546,299359789,0.009422,4.0,sell
1538088544,299359733,0.009425,0.2,sell
1538088544,299359719,0.00943,100.0,sell
1538088544,299359715,0.00943,50.596,sell
1538088506,299359212,0.00943,15.87,sell
1538088505,299359209,0.0094358,0.9856929,sell
1538088505,299359201,0.0094377,10.0,sell
1538088498,299359157,0.0094484,1.0,buy
1538088497,299359156,0.0094483,5.0,sell
1538088342,299358787,0.0094508,0.25879875,buy
1538088325,299358741,0.0094572,0.5,buy
1538088321,299358730,0.0094569,36.00000458,buy
1538088319,299358729,0.0094549,10.0,buy
1538088319,299358728,0.0094549,4.0,buy
1538088287,299358612,0.00945,40.0,buy
1538088287,299358611,0.00945,10.0,buy
1538088281,299358569,0.0094603,0.2,sell
1538088270,299358533,0.0094418,94.69969005,sell
1538088270,299358532,0.0094433,0.78896085,sell
1538088270,299358531,0.0094433,17.39959143,sell
1538088270,299358530,0.0094455,2.11175767,sell
1538088270,299358529,0.0094485,5.0,sell
1538088270,299358526,0.0094433,12.60040857,sell
1538088270,299358525,0.0094434,41.17,sell
1538088270,299358524,0.0094437,3.9429378,sell
1538088270,299358523,0.0094437,3.9429378,sell
1538088270,299358522,0.0094454,5.2,sell
1538088270,299358521,0.0094464,10.56245048,sell
1538088270,299358520,0.0094468,40.0,sell
1538088270,299358519,0.0094469,2.11159853,sell
1538088270,299358518,0.0094482,0.46966682,sell
1538088269,299358515,0.0094482,3.35766207,sell
1538088269,299358512,0.0094453,16.23163523,sell
1538088269,299358511,0.0094455,96.65691493,sell
1538088269,299358510,0.0094489,2.11144984,sell
1538088269,299358509,0.0094555,5.0,sell
1538088269,299358503,0.0094455,28.43410623,sell
1538088269,299358502,0.0094455,3.9429378,sell
1538088269,299358501,0.0094455,3.9429378,sell
1538088269,299358500,0.0094464,10.56300834,sell
1538088269,299358499,0.0094469,12.59239827,sell
1538088269,299358498,0.0094473,3.58142226,sell
1538088269,299358497,0.0094484,21.11820917,sell
1538088269,299358496,0.0094488,5.2,sell
1538088269,299358495,0.0094507,5.2,sell
1538088269,299358494,0.0094509,2.11128176,sell
1538088269,299358493,0.009451,9.08559379,sell
1538088269,299358492,0.0094554,3.669,sell
1538088269,299358491,0.0094554,10.55910458,sell
1538088268,299358490,0.0094469,10.0,sell
1538088268,299358489,0.0094469,0.40760173,sell
1538088268,299358488,0.00945,0.19239827,sell
1538088268,299358487,0.00945,5.10760173,sell
1538088268,299358486,0.00945,14.89239827,sell
1538088268,299358485,0.00945,0.10760173,sell
1538088268,299358484,0.0094508,33.0,sell
1538088268,299358483,0.0094509,2.11089229,sell
1538088268,299358482,0.0094542,23.0,sell
1538088268,299358481,0.0094564,21.10649973,sell
1538088268,299358480,0.0094578,2.675,sell
1538088268,299358479,0.0094578,29.0,sell
1538088268,299358478,0.0094579,4.0,sell
1538088268,299358477,0.0094696,5.0,sell
1538088268,299358476,0.0094697,0.00000625,sell
1538088260,299358463,0.009475,2.93577711,buy
1538088260,299358455,0.009475,0.73394428,buy
1538088182,299358275,0.0094697,0.3038,sell
1538088096,299357746,0.0094599,4.0,buy
1538088060,299357504,0.0094714,10.54462368,sell
1538088060,299357503,0.0094715,0.00000632,sell
1538088059,299357502,0.0094715,0.30334,sell
1538088037,299357340,0.0094658,2.44479129,sell
1538088037,299357339,0.0094705,4.0,sell
1538088037,299357338,0.0094746,0.69961936,sell
1538088037,299357337,0.0094746,0.23334904,sell
1538088037,299357336,0.0094746,0.69637566,sell
1538088037,299357335,0.0094746,0.3634691,sell
1538088037,299357334,0.0094749,0.2,sell
1538088037,299357333,0.0094749,0.27208674,sell
1538088037,299357332,0.009475,10.0,sell
1538088037,299357331,0.0094752,0.74248047,sell
1538088037,299357330,0.0094753,0.30782834,sell
1538087949,299356899,0.0094854,0.26585,sell
1538087665,299355261,0.0095147,5.0,buy
1538087665,299355254,0.0095113,20.0,buy
1538087663,299355239,0.0095026,5.0,buy
1538087610,299354993,0.009485,1.65,buy
1538087561,299354663,0.009485,2.08,buy
1538087420,299353774,0.0094926,0.85359554,sell
1538087420,299353773,0.0094935,4.54781646,sell
1538087412,299353667,0.009487,0.7873431,sell
1538087412,299353666,0.009487,0.37388093,sell
1538087412,299353665,0.009487,0.20066225,sell
1538087412,299353664,0.0094874,4.43811372,sell
1538087393,299353328,0.0095085,0.22057503,buy
1538087391,299353286,0.0095001,5.0,buy
1538087389,299353243,0.009495,4.99,buy
1538087389,299353241,0.0094949,5.0,buy
1538087389,299353220,0.0094893,4.0,buy
1538087387,299353127,0.0094726,0.5,buy
1538087387,299353126,0.0094704,0.00000631,buy
1538087387,299353104,0.0094704,20.70358,buy
1538087387,299353090,0.0094587,7.79555932,sell
1538087387,299353089,0.0094596,4.20444068,sell
1538087387,299353088,0.0094596,20.79555932,sell
1538087387,299353087,0.0094597,2.1094431,sell
1538087387,299353086,0.0094615,21.09499758,sell
1538087387,299353085,0.0094635,16.0,sell
1538087387,299353084,0.0094635,24.0,sell
1538087387,299353083,0.0094636,4.0,sell
1538087387,299353082,0.0094714,10.54018445,sell
1538087387,299353081,0.0094724,21.08259105,sell
1538087387,299353080,0.0094725,5.0,sell
1538087387,299353079,0.0094734,10.54073995,sell
1538087387,299353078,0.009478,1.35594127,sell
1538087387,299353077,0.0094783,0.88927801,sell
1538087387,299353076,0.00948,10.61721576,sell
1538087387,299353075,0.0094802,1.11987363,sell
1538087387,299353074,0.0094804,0.46503153,sell
1538087387,299353073,0.0094804,10.0,sell
1538087387,299353072,0.0094804,0.39327009,sell
1538087387,299353071,0.0094806,0.62155074,sell
1538087387,299353070,0.0094806,1.4409126,sell
1538087387,299353069,0.0094811,5.22982461,sell
1538087377,299352872,0.0094894,9.50723734,buy
1538087377,299352871,0.0094892,1.58464453,buy
1538087377,299352870,0.009489,10.0,buy
1538087377,299352868,0.0094892,1.40995532,buy
1538087377,299352867,0.009489,2.99466006,buy
1538087373,299352853,0.0094894,1.04,buy
1538087341,299352534,0.0094888,2.37,buy
1538087341,299352533,0.0094849,5.0,buy
1538087309,299352323,0.009482,1.42094323,buy
1538087295,299352222,0.0094818,8.23844022,buy
1538087295,299352221,0.0094818,3.39155978,buy
1538087288,299352165,0.0094818,0.60844022,buy
1538087256,299351807,0.0094804,0.441,sell
1538087256,299351805,0.0094804,2.798,sell
1538087256,299351803,0.0094804,2.709,sell
1538087256,299351802,0.0094832,0.5,sell
1538087255,299351800,0.0094876,3.3975457,sell
1538087255,299351799,0.0094915,32.61,sell
1538087255,299351793,0.0094915,0.347,sell
1538087255,299351791,0.0094915,1.18,sell
1538087255,299351784,0.0094915,3.4,sell
1538087254,299351764,0.0094915,0.475,sell
1538087254,299351761,0.0094915,0.714,sell
1538087253,299351731,0.0094915,7.76,sell
1538087253,299351724,0.0094915,3.4,sell
1538087253,299351721,0.0094948,0.64590921,buy
1538087253,299351717,0.0094948,2.53609079,buy
1538087253,299351713,0.0094915,1.666,sell
1538087253,299351711,0.0094915,3.812,sell
1538087252,299351710,0.0094915,2.998,sell
1538087252,299351703,0.0094915,2.78,sell
1538087252,299351702,0.0094915,1.137,sell
1538087252,299351695,0.0094915,0.546,sell
1538087252,299351694,0.0094915,1.418,sell
1538087252,299351691,0.0094915,1.151,sell
1538087252,299351687,0.0094915,1.883,sell
1538087252,299351686,0.0094915,2.759,sell
1538087252,299351683,0.0094915,2.789,sell
1538087252,299351678,0.0094915,1.782,sell
1538087252,299351675,0.0094915,1.782,sell
1538087252,299351674,0.0094915,1.815,sell
1538087252,299351673,0.0094915,2.951,sell
1538087252,299351671,0.0094915,2.75,sell
1538087252,299351668,0.0094915,1.856,sell
1538087252,299351665,0.0094915,0.713,sell
1538087251,299351650,0.0094915,1.13201808,sell
1538087250,299351639,0.0094915,0.537,sell
1538087250,299351611,0.0094915,2.259,sell
1538087250,299351606,0.0094915,19.26916762,sell
1538087250,299351605,0.0094959,1.55083238,sell
1538087250,299351604,0.0095,14.18,sell
1538087249,299351603,0.0095,0.82,sell
1538087248,299351549,0.0095001,0.1416842,sell
1538087248,299351548,0.0095002,1.257,sell
1538087247,299351525,0.0095059,1.286,sell
1538087247,299351521,0.0095059,2.80499137,sell
1538087247,299351520,0.0095059,0.00000863,sell
1538087246,299351507,0.0095059,0.5,sell
1538087246,299351504,0.0095059,20.49164,sell
1538087246,299351503,0.009506,0.5,sell
1538087246,299351494,0.0095092,2.78399096,sell
1538087246,299351493,0.0095092,2.21600904,sell
1538087246,299351491,0.00951,1.5,sell
1538087246,299351490,0.0095112,0.2,sell
1538087060,299350760,0.0095123,1.34478514,sell
1538087060,299350759,0.0095123,7.24264224,sell
1538087060,299350758,0.0095128,20.9787495,sell
1538087060,299350757,0.0095152,4.17860826,sell
1538087060,299350756,0.0095152,45.7,sell
1538087060,299350754,0.0095152,54.3,sell
1538087060,299350753,0.0095177,10.0,sell
1538087060,299350752,0.0095226,4.0,sell
1538087060,299350751,0.009524,10.0,sell
1538086925,299349936,0.0095375,3.10943574,buy
1538086925,299349929,0.0095345,0.44563163,buy
1538086715,299348505,0.00953,0.47092775,buy
1538086570,299348039,0.009543,5.0,buy
1538086570,299348038,0.009535,10.0,buy
1538086553,299347920,0.0095343,0.66198844,sell
1538086553,299347919,0.0095345,0.59204224,sell
1538086553,299347918,0.0095348,0.8610632,sell
1538086553,299347917,0.0095352,0.2,sell
1538086553,299347916,0.0095353,0.20510223,sell
1538086553,299347915,0.0095354,0.49351249,sell
1538086553,299347914,0.0095354,12.553,sell
1538086553,299347913,0.0095354,0.27133399,sell
1538086553,299347912,0.0095354,3.577,sell
1538086553,299347911,0.0095354,0.243545,sell
1538086553,299347910,0.0095354,0.34141241,sell
1538086527,299347809,0.0095386,23.0,buy
1538086527,299347808,0.0095357,20.0,buy
1538086526,299347807,0.0095356,4.0,buy
1538086526,299347801,0.009532,20.0,buy
1538086526,299347797,0.0095278,34.0,buy
1538086505,299347631,0.0095196,3.22720115,sell
1538086505,299347630,0.0095199,2.0,sell
1538086505,299347629,0.0095204,4.16875502,sell
1538086505,299347628,0.0095245,4.0,sell
1538086505,299347627,0.00953,10.0,sell
1538086505,299347626,0.00953,2.2,sell
1538086505,299347625,0.00953,0.64276198,sell
1538086505,299347624,0.0095302,0.2,sell
1538086505,299347623,0.0095302,5.0,sell
1538086505,299347622,0.009531,0.2,sell
1538086505,299347621,0.0095406,46.16128185,sell
1538086500,299347609,0.0095406,1.9537,sell
1538086460,299347512,0.009542,0.30913075,buy
1538086460,299347511,0.009542,3.26870659,buy
1538086460,299347510,0.009542,0.55648334,buy
1538086445,299347438,0.0095428,0.2,buy
1538086437,299347430,0.00955,45.58887958,sell
1538086437,299347428,0.00955,0.827,sell
1538086436,299347417,0.0095502,0.40236598,sell
1538086436,299347414,0.0095502,0.24852896,sell
1538086436,299347413,0.0095502,0.35981541,sell
1538086436,299347412,0.0095502,0.77315379,sell
1538086436,299347411,0.0095502,1.54583761,sell
1538086436,299347410,0.0095502,0.11481825,sell
1538086436,299347409,0.0095502,1.43099523,sell
1538086436,299347408,0.0095503,0.22300477,sell
1538086432,299347392,0.0095579,0.7,sell
1538086432,299347391,0.0095579,3.043,sell
1538086209,299346420,0.0095738,2.89662669,buy
1538086209,299346419,0.0095734,0.41388996,buy
1538086026,299345761,0.0095745,0.90341464,buy
1538086012,299345711,0.0095644,0.41388996,sell
1538086012,299345710,0.0095646,0.2,sell
1538086012,299345709,0.0095646,0.11560623,sell
1538086012,299345708,0.0095646,1.41294711,sell
1538086002,299345639,0.0095646,0.3,sell
1538086002,299345638,0.0095805,5.0,sell
1538085883,299344693,0.0095811,0.6,sell
1538085822,299344241,0.0095995,0.54513055,buy
1538085812,299344147,0.0095808,3.35,sell
1538085801,299344023,0.0095966,0.2,buy
1538085638,299343159,0.0096078,31.21705208,buy
1538085638,299343158,0.0096068,29.0,buy
1538085638,299343157,0.0096066,8.27495585,buy
1538085638,299343156,0.009606,2.4,buy
1538085638,299343155,0.0096046,10.43187983,buy
1538085638,299343154,0.0096041,4.13715056,buy
1538085638,299343153,0.0096036,10.42807238,buy
1538085638,299343152,0.0096032,12.1108893,buy
1538085638,299343151,0.0095999,30.0,buy
1538085631,299343123,0.0095996,3.0,buy
1538085630,299343122,0.0096032,7.8891107,buy
1538085630,299343121,0.0095997,2.1108893,buy
1538085630,299343120,0.0095997,37.57138387,buy
1538085630,299343119,0.0095996,10.42861613,buy
1538085630,299343118,0.0095962,41.0,buy
1538085601,299342995,0.009595,0.7,sell
1538085521,299342744,0.0095997,0.31772683,buy
1538085474,299342588,0.0095962,0.3163892,sell
1538085419,299342249,0.0095995,6.453,buy
1538085390,299342006,0.0095995,2.90117318,buy
1538085390,299342005,0.0095994,7.09882682,buy
1538085298,299341586,0.0095819,2.8,buy
1538085298,299341585,0.0095801,5.2,buy
1538085282,299341493,0.0095799,6.0,buy
1538085265,299341303,0.0095698,0.62816318,sell
1538085265,299341301,0.0095698,3.53942757,sell
1538085265,299341273,0.0095699,12.0,buy
1538085186,299340709,0.0095701,3.30761676,buy
1538085184,299340704,0.0095631,0.9999,sell
1538085183,299340691,0.0095814,6.86837875,buy
1538085183,299340690,0.0095782,3.93162125,buy
1538085183,299340689,0.0095776,25.0,buy
1538085183,299340688,0.0095737,24.0,buy
1538085183,299340687,0.0095724,0.2,buy
1538085183,299340686,0.0095703,40.0,buy
1538085162,299340629,0.00957,6.0,buy
1538085088,299340038,0.0095702,23.0,buy
1538085087,299340031,0.0095664,24.0,buy
1538085087,299340016,0.0095663,4.0,buy
1538085087,299340013,0.009565,15.0,buy
1538085082,299339892,0.0095643,2.338,sell
1538085082,299339891,0.0095643,10.0,sell
1538085081,299339887,0.0095643,0.961999,sell
1538085081,299339886,0.0095712,0.000001,sell
1538085079,299339879,0.0095712,20.89602,sell
1538085078,299339877,0.0095643,0.6,sell
1538085078,299339874,0.0095643,1.023,sell
1538085074,299339829,0.0095686,0.435,sell
1538085074,299339827,0.0095686,0.852,sell
1538085072,299339816,0.0095831,4.0,sell
1538085035,299339462,0.0096078,3.197,buy
1538085035,299339460,0.0096078,3.115,buy
1538085035,299339459,0.0095985,6.547808,sell
1538085028,299339420,0.0096078,6.40532461,buy
1538085024,299339394,0.0095846,1.37935647,sell
1538085024,299339393,0.0095955,20.91067,buy
1538085023,299339370,0.0095926,11.65607402,buy
1538085023,299339369,0.0095873,20.90420324,buy
1538085023,299339368,0.0095853,1.49393135,buy
1538085023,299339367,0.0095846,10.46397255,buy
1538085023,299339366,0.0095845,1.49393135,buy
1538085023,299339365,0.0095822,1.49393135,buy
1538085023,299339364,0.0095822,1.49393135,buy
1538085023,299339363,0.0095814,0.00001761,buy
1538085023,299339362,0.0095814,1.49391374,buy
1538085023,299339361,0.0095813,0.0000081,buy
1538085023,299339360,0.0095766,0.00000816,buy
1538085023,299339352,0.0095766,8.96686,buy
1538085023,299339350,0.0095766,1.49393,buy
1538085023,299339349,0.0095813,1.49392325,buy
1538085023,299339348,0.0095813,1.49393135,buy
1538085023,299339347,0.0095813,1.49393135,buy
1538085023,299339346,0.0095813,1.49393135,buy
1538085023,299339345,0.0095813,1.49393135,buy
1538085023,299339344,0.0095787,0.00000135,buy
1538085023,299339342,0.0095668,8.84378,buy
1538085023,299339341,0.0095668,33.0,buy
1538085022,299339339,0.0095647,9.06583467,buy
1538085022,299339337,0.009564,5.0,buy
1538085022,299339336,0.0095631,0.51517645,buy
1538085022,299339320,0.0095631,3.31124247,buy
1538085022,299339318,0.0095631,7.78468108,buy
1538085016,299339203,0.0095597,20.0,buy
1538084995,299339010,0.0095631,6.3889,buy
1538084995,299339009,0.00956,3.611,buy
1538084960,299338843,0.0095598,1.15784322,buy
1538084873,299338186,0.0095561,4.0,buy
1538084868,299338124,0.0095525,14.0,buy
1538084837,299337769,0.0095406,1.12771647,sell
1538084837,299337768,0.0095408,0.2048377,sell
1538084837,299337767,0.0095408,0.2,sell
1538084836,299337762,0.0095444,7.21643137,sell
1538084836,299337761,0.0095446,0.2,sell
1538084836,299337760,0.0095446,0.35007557,sell
1538084834,299337753,0.0095614,0.07234242,buy
1538084834,299337752,0.0095614,3.23287269,buy
1538084832,299337738,0.0095614,250.0,sell
1538084831,299337727,0.0095616,4.76871481,sell
1538084831,299337726,0.0095616,2.59203602,sell
1538084831,299337725,0.0095616,0.40575611,sell
1538084831,299337724,0.0095616,1.21820564,sell
1538084830,299337715,0.0095616,1.39383219,sell
1538084830,299337714,0.0095616,1.91303632,sell
1538084830,299337712,0.0095617,2.34804709,sell
1538084830,299337711,0.0095617,1.65195291,sell
1538084830,299337709,0.0095619,0.2,sell
1538084830,299337707,0.0095619,1.06436171,sell
1538084830,299337706,0.0095619,0.2,sell
1538084830,299337704,0.0095619,0.20556111,sell
1538084830,299337701,0.0095619,0.55872553,sell
1538084802,299337490,0.0095787,1.49393,buy
1538084795,299337383,0.0095884,31.4405017,buy
1538084795,299337382,0.009586,2.363,buy
1538084795,299337381,0.009586,0.2,buy
1538084795,299337380,0.0095847,3.6969618,buy
1538084781,299337298,0.0095946,8.0293271,buy
1538084781,299337297,0.0095915,9.76414869,buy
1538084781,299337296,0.0095914,1.996,buy
1538084781,299337295,0.0095853,0.21052421,buy
1538084780,299337277,0.009585,1.73941943,buy
1538084777,299337253,0.0095783,0.6,sell
1538084777,299337252,0.0095783,1.396,sell
1538084777,299337251,0.0095853,0.5,sell
1538084772,299337228,0.0095933,1.0621411,sell
1538084772,299337227,0.0095933,2.5,sell
1538084772,299337226,0.0095933,49.5253089,sell
1538084772,299337210,0.0095933,4.35179235,sell
1538084772,299337209,0.0095933,0.44441666,sell
1538084751,299336907,0.0096068,0.98051359,buy
1538084721,299336364,0.0096136,0.96630389,buy
1538084721,299336359,0.0096136,0.96630389,buy
1538084721,299336358,0.0096136,0.96630389,buy
1538084718,299336338,0.0096181,0.96630389,buy
1538084718,299336335,0.0096181,0.96630389,buy
1538084718,299336332,0.0096255,0.96630389,buy
1538084717,299336309,0.0096284,1.81492248,buy
1538084717,299336308,0.0096276,5.0,buy
1538084717,299336307,0.0096276,0.18507752,buy
1538084717,299336306,0.0096249,7.0,buy
1538084715,299336300,0.0096127,0.46058287,sell
1538084715,299336299,0.0096127,1.22241713,sell
1538084712,299336291,0.0096125,0.223352,sell
1538084711,299336229,0.0096276,1.79492248,sell
1538084710,299336224,0.0096276,0.33307752,sell
1538084710,299336223,0.0096276,0.26692248,sell
1538084707,299336210,0.0096262,2.5,buy
1538084707,299336208,0.0096238,2.5,buy
1538084707,299336207,0.0096215,2.5,buy
1538084707,299336206,0.0096192,0.00000025,buy
1538084707,299336183,0.0096191,36.4,buy
1538084707,299336181,0.0096192,2.5,buy
1538084707,299336179,0.0096192,2.5,buy
1538084707,299336169,0.0096192,128.97347,buy
1538084707,299336168,0.0096192,2.5,buy
1538084707,299336167,0.0096169,2.5,buy
1538084706,299336157,0.0096146,7.92861,buy
1538084706,299336155,0.0096146,2.5,buy
1538084706,299336145,0.0096167,18.35204116,buy
1538084706,299336144,0.0096146,2.5,buy
1538084706,299336143,0.0096123,0.00000884,buy
1538084706,299336137,0.0096123,2.47006,buy
1538084706,299336134,0.0096123,0.02993116,buy
1538084706,299336133,0.0096112,4.73698602,buy
1538084706,299336132,0.00961,2.5,buy
1538084706,299336131,0.0096017,0.5,buy
1538084706,299336130,0.0096,0.00000555,buy
1538084706,299336128,0.0096,0.5,buy
1538084706,299336127,0.0096,1.0,buy
1538084706,299336125,0.0096,0.5,buy
1538084706,299336124,0.0096,0.49999445,buy
1538084706,299336123,0.0096,0.00000555,buy
1538084706,299336122,0.0096,0.5,buy
1538084705,299336120,0.0096,10.673,buy
1538084705,299336118,0.0096,0.5,buy
1538084705,299336116,0.0095982,2.0,buy
1538084705,299336114,0.0095982,0.5,buy
1538084705,299336107,0.0095965,2.0,buy
1538084705,299336104,0.0095965,0.5,buy
1538084705,299336097,0.0095947,2.44316972,buy
1538084705,299336096,0.0095947,0.05683028,buy
1538084705,299336095,0.0095946,1.06215685,buy
1538084705,299336094,0.0095929,1.38101287,buy
1538084705,299336092,0.0095929,1.11898713,buy
1538084705,299336090,0.0095927,0.76568987,buy
1538084705,299336089,0.0095912,2.5,buy
1538084705,299336088,0.0095894,2.5,buy
1538084705,299336087,0.0095876,0.88224573,buy
1538084701,299336046,0.0095876,1.61775427,buy
1538084701,299336045,0.0095858,2.24124573,buy
1538084700,299336030,0.0095858,0.25875427,buy
1538084700,299336029,0.0095843,40.0,buy
1538084700,299336028,0.0095841,2.5,buy
1538084700,299336027,0.0095823,2.5,buy
1538084700,299336026,0.0095805,2.5,buy
1538084700,299336025,0.0095788,2.5,buy
1538084700,299336024,0.009577,2.5,buy
1538084700,299336022,0.0095752,2.5,buy
1538084700,299336021,0.0095735,2.5,buy
1538084700,299336020,0.0095717,2.24124573,buy
1538084700,299336010,0.0095717,0.25875427,buy
1538084700,299336008,0.0095699,2.5,buy
1538084700,299336006,0.0095682,2.5,buy
1538084700,299336004,0.0095664,2.5,buy
1538084700,299336003,0.0095646,0.00612,buy
1538084697,299335937,0.0095646,2.49388,buy
1538084697,299335936,0.0095645,0.79926442,buy
1538084697,299335935,0.0095628,0.78073484,buy
1538084588,299334880,0.0095588,10.4736773,buy
1538084588,299334879,0.0095588,20.94735459,buy
1538084576,299334594,0.0095518,10.0,buy
1538084575,299334576,0.0095488,30.0,buy
1538084574,299334498,0.0095453,4.0,buy
1538084574,299334495,0.0095449,1.0,buy
1538084555,299334223,0.0095334,1.299808,sell
1538084522,299334116,0.0095334,0.9462,sell
1538084502,299334069,0.0095334,0.9497469,sell
1538084482,299334036,0.0095334,0.47719889,sell
1538084482,299334035,0.0095334,0.2,sell
1538084384,299333783,0.0095439,4.82594168,sell
1538084372,299333743,0.0095439,0.749,sell
1538084300,299333510,0.0095439,2.84336976,sell
1538084300,299333509,0.0095441,0.22363024,sell
1538084300,299333508,0.0095441,0.2,sell
1538084300,299333507,0.0095441,0.2,sell
1538084268,299333455,0.0095441,0.068,sell
1538084268,299333454,0.0095441,0.2,sell
1538084268,299333453,0.0095441,0.2,sell
1538084268,299333452,0.0095441,0.2,sell
1538084268,299333451,0.0095441,0.2,sell
1538084268,299333450,0.0095441,0.2,sell
1538084106,299332911,0.0095439,5.7884,sell
1538084106,299332910,0.0095549,5.8,buy
1538084096,299332885,0.0095439,50.0,sell
1538084071,299332828,0.0095439,43.0,sell
1538084071,299332827,0.0095441,7.0,sell
1538084056,299332805,0.0095439,24.8,sell
1538084056,299332804,0.009544,5.0,sell
1538084056,299332803,0.0095441,4.0,sell
1538084056,299332802,0.0095443,7.0,sell
1538084056,299332801,0.0095443,0.2,sell
1538083966,299332568,0.0095628,1.71926516,buy
1538083966,299332567,0.0095617,28.0,buy
1538083966,299332566,0.0095616,10.47559188,buy
1538083966,299332565,0.0095614,3.81775557,buy
1538083966,299332564,0.0095614,3.81775557,buy
1538083966,299332563,0.0095611,2.5,buy
1538083966,299332562,0.0095593,2.5,buy
1538083415,299331062,0.0095577,67.93015194,buy
1538083415,299331061,0.0095557,5.0,buy
1538083400,299331030,0.0095577,62.93306926,buy
1538083400,299331029,0.0095575,2.5,buy
1538083400,299331028,0.0095558,2.5,buy
1538083400,299331027,0.0095485,5.0,buy
1538083325,299330893,0.0095554,5.37053608,buy
1538083325,299330892,0.009554,2.5,buy
1538083325,299330891,0.0095522,2.5,buy
1538083325,299330890,0.0095513,0.24898613,buy
1538083325,299330889,0.0095513,22.75101387,buy
1538083325,299330888,0.0095505,2.5,buy
1538083325,299330887,0.0095487,2.5,buy
1538083325,299330886,0.0095486,4.0,buy
1538083325,299330885,0.0095469,2.5,buy
1538083325,299330884,0.0095452,2.5,buy
1538083325,299330883,0.0095447,5.0,buy
1538083325,299330882,0.0095434,0.57385738,buy
1538083325,299330881,0.0095416,6.11767136,buy
1538083325,299330879,0.0095416,0.88232864,buy
1538083325,299330878,0.0095434,1.92614262,buy
1538083325,299330877,0.0095416,7.0,buy
1538083325,299330876,0.0095416,1.7120374,buy
1538083325,299330875,0.0095416,0.7879626,buy
1538083325,299330874,0.0095398,0.00037875,buy
1538083287,299330798,0.0095398,2.49962125,buy
1538083287,299330797,0.0095381,0.00037875,buy
1538083287,299330796,0.0095381,2.49962125,buy
1538083287,299330795,0.0095363,2.5,buy
1538083287,299330794,0.0095345,2.5,buy
1538083287,299330793,0.0095328,0.00037875,buy
1538083284,299330788,0.0095328,1.068,buy
1538083282,299330776,0.0095328,1.43162125,buy
1538083282,299330775,0.009531,2.5,buy
1538083146,299330341,0.00953,3.394,sell
1538083043,299330074,0.009532,2.80889898,sell
1538083043,299330073,0.0095321,5.919,sell
1538083043,299330072,0.0095321,3.14210102,sell
1538083035,299330060,0.009538,5.91935699,buy
1538083035,299330059,0.009538,4.05794786,buy
1538083008,299329998,0.009538,1.42655889,buy
1538082985,299329953,0.009538,5.67,buy
1538082875,299329641,0.0095448,1.57105034,buy
1538082866,299329577,0.0095448,1.57105034,buy
1538082864,299329569,0.0095342,4.17013,sell
1538082863,299329562,0.0095353,0.2,sell
1538082860,299329553,0.0095346,1.57105,sell
1538082855,299329478,0.0095449,1.57105034,buy
1538082846,299329409,0.009546,1.57105034,buy
1538082838,299329334,0.009546,1.57105034,buy
1538082830,299329270,0.009546,1.57105034,buy
1538082819,299329202,0.0095364,16.34819,sell
1538082815,299329187,0.0095344,4.77054344,sell
1538082815,299329186,0.009536,4.17135772,sell
1538082815,299329185,0.0095367,10.0,sell
1538082815,299329183,0.0095367,10.0,sell
1538082814,299329182,0.0095367,10.0,sell
1538082800,299329095,0.0095352,0.2,sell
1538082800,299329094,0.0095371,9.0,sell
1538082796,299329069,0.0095371,11.0,sell
1538082784,299329019,0.0095394,4.17126,sell
1538082770,299328910,0.0095375,0.2,sell
1538082763,299328882,0.009543,10.08055,sell
1538082763,299328881,0.009543,10.85208,sell
1538082756,299328836,0.009546,2.0,buy
1538082735,299328429,0.0095373,3.30776,sell
1538082735,299328428,0.0095373,10.0,sell
1538082735,299328425,0.0095373,10.0,sell
1538082735,299328423,0.0095331,5.0,sell
1538082735,299328420,0.0095331,10.0,sell
1538082734,299328412,0.0095372,12.39763085,sell
1538082734,299328411,0.0095383,0.2,sell
1538082734,299328403,0.0095384,0.2,sell
1538082733,299328402,0.0095421,5.2,sell
1538082726,299328348,0.0095439,0.2,sell
1538082726,299328347,0.0095439,5.2,sell
1538082716,299328294,0.0095469,15.0,sell
1538082716,299328293,0.0095469,10.0,sell
1538082714,299328280,0.009547,5.0,sell
1538082714,299328279,0.009547,10.0,sell
1538082714,299328276,0.009547,10.0,sell
1538082714,299328275,0.0095498,17.0,sell
1538082713,299328271,0.0095499,0.2,sell
1538082709,299328246,0.0095499,0.2,sell
1538082705,299328226,0.0095471,0.2,sell
1538082700,299328205,0.0095471,0.2,sell
1538082697,299328152,0.0095471,0.2,sell
1538082693,299328132,0.0095471,0.2,sell
1538082688,299328095,0.0095496,4.0,sell
1538082688,299328094,0.0095506,0.2,sell
1538082688,299328093,0.0095506,2.0,sell
1538082687,299328089,0.0095543,20.90191,sell
1538082677,299328049,0.0095543,10.45314,sell
1538082671,299328004,0.0095599,2.0,buy
1538082671,299328003,0.0095599,1.0,buy
1538082664,299327979,0.0095599,3.0,buy
1538082663,299327972,0.0095504,10.45259,sell
1538082662,299327968,0.0095494,10.44822,sell
1538082661,299327961,0.0095515,6.023,sell
1538082661,299327960,0.0095515,0.2,sell
1538082661,299327958,0.0095515,3.0,sell
1538082660,299327954,0.0095543,7.0,sell
1538082659,299327950,0.0095618,3.0,buy
1538082657,299327945,0.0095544,0.2,sell
1538082653,299327880,0.0095508,0.2,sell
1538082650,299327836,0.0095508,0.2,sell
1538082649,299327835,0.0095614,3.18,buy
1538082647,299327829,0.0095509,0.19999578,sell
1538082647,299327828,0.0095509,0.00000422,sell
1538082646,299327826,0.0095509,0.53743686,sell
1538082646,299327825,0.0095509,0.00018314,sell
1538082646,299327824,0.0095509,0.53744,sell
1538082646,299327821,0.0095508,0.2,sell
1538082643,299327813,0.0095506,1.507,sell
1538082642,299327810,0.0095536,9.99999502,sell
1538082642,299327809,0.0095538,0.00000498,sell
1538082641,299327808,0.0095538,0.19999502,sell
1538082641,299327807,0.0095538,0.00000498,sell
1538082641,299327805,0.0095538,0.19999502,sell
1538082641,299327804,0.0095544,0.00000498,sell
1538082640,299327781,0.0095544,0.83839,sell
1538082640,299327778,0.0095544,0.73199251,sell
1538082640,299327777,0.0095554,0.00000749,sell
1538082639,299327773,0.0095554,1.57038,sell
1538082638,299327757,0.0095555,0.2,sell
1538082637,299327744,0.0095575,0.19998211,sell
1538082637,299327743,0.0095575,0.32898585,sell
1538082637,299327741,0.0095575,0.38673346,sell
1538082637,299327739,0.009561,0.00000858,sell
1538082636,299327736,0.0095633,10.43841,sell
1538082635,299327728,0.009561,1.99999142,sell
1538082635,299327727,0.0095633,0.00000858,sell
1538082635,299327724,0.0095633,10.43786,sell
1538082635,299327719,0.0095677,4.0,sell
1538082634,299327709,0.0095678,0.57768981,sell
1538082634,299327708,0.0095678,0.00000019,sell
1538082634,299327707,0.0095678,0.77295,sell
1538082632,299327692,0.0095743,0.3948124,sell
1538082632,299327691,0.0095773,0.0000076,sell
1538082631,299327684,0.0095775,0.63236,sell
1538082631,299327675,0.0095773,19.9999924,sell
1538082631,299327674,0.0095775,0.0000076,sell
1538082631,299327673,0.0095775,2.94770659,sell
1538082631,299327672,0.0095775,0.00000341,sell
1538082631,299327671,0.0095775,2.46287815,sell
1538082631,299327670,0.0095775,0.00000185,sell
1538082630,299327666,0.0095775,1.06245844,sell
1538082630,299327665,0.0095775,0.00001156,sell
1538082629,299327664,0.0095775,0.76927291,sell
1538082629,299327663,0.0095775,0.00000709,sell
1538082629,299327662,0.0095775,0.30524,sell
1538082587,299327380,0.0095818,9.64,buy
1538082581,299327364,0.0095765,14.209,sell
1538082479,299326769,0.0095909,1.41681046,sell
1538082479,299326768,0.0095909,0.71539954,sell
1538082431,299326521,0.0095971,120.0,buy
1538082410,299326422,0.0095971,23.93185258,buy
1538082410,299326418,0.0095971,11.47649412,buy
1538082410,299326417,0.0095969,24.0,buy
1538082410,299326416,0.0095938,7.0,buy
1538082410,299326415,0.0095938,9.37897169,buy
1538082410,299326413,0.0095938,29.62102831,buy
1538082410,299326412,0.0095901,1.3424034,buy
1538082410,299326410,0.0095901,18.6575966,buy
1538082337,299326048,0.0095891,222.82,buy
1538082191,299325686,0.0095891,0.2,buy
1538082164,299325618,0.0095891,0.6042095,buy
1538082146,299325566,0.0095789,0.79125582,sell
1538082146,299325565,0.0095789,0.2,sell
1538082035,299325201,0.009585,0.65533361,buy
1538081963,299324684,0.0095763,2.98025043,sell
1538081863,299324382,0.0095739,4.65287462,sell
1538081863,299324381,0.0095739,0.21889811,sell
1538081847,299324337,0.0095833,1.0,buy
1538081615,299323011,0.0095695,0.31454088,buy
1538081615,299323002,0.0095698,3.3102044,buy
1538081615,299323001,0.0095696,20.92706917,buy
1538081615,299323000,0.0095696,10.46353459,buy
1538081615,299322999,0.0095696,15.0,buy
1538081615,299322998,0.0095669,20.0,buy
1538081615,299322997,0.00956,7.0,buy
1538081323,299321766,0.0095572,4.0,buy
1538081273,299321590,0.0095308,11.12193693,sell
1538081273,299321589,0.009531,20.92846344,sell
1538081273,299321588,0.0095334,10.47614058,sell
1538081273,299321587,0.0095346,4.0,sell
1538081273,299321586,0.0095349,3.47345905,sell
1538081270,299321561,0.0095349,3.52654095,sell
1538081266,299321548,0.0095347,0.4,sell
1538081266,299321547,0.0095348,0.2,sell
1538081265,299321538,0.0095348,0.3,sell
1538081264,299321537,0.0095348,0.469,sell
1538081262,299321515,0.0095601,1.41199987,sell
1538081262,299321514,0.0095601,4.0,sell
1538081255,299321501,0.0095601,1.20692042,sell
1538081255,299321499,0.0095601,20.0,sell
1538081255,299321498,0.0095601,18.99391,sell
1538081255,299321497,0.0095601,10.0,sell
1538081255,299321496,0.0095601,3.31956514,sell
1538081255,299321494,0.0095601,3.999364,sell
1538081238,299321389,0.0095691,1.58124,sell
1538081235,299321371,0.00958,76.67694,sell
1538081235,299321368,0.00958,1.09605661,sell
1538081235,299321367,0.0095801,0.22773966,sell
1538081235,299321366,0.0095801,3.77226034,sell
1538081235,299321365,0.00959,56.18253908,sell
1538081235,299321364,0.00959,1.63846988,sell
1538081235,299321363,0.00959,0.59085,sell
1538081235,299321362,0.00959,10.0,sell
1538081235,299321359,0.00959,3.88533558,sell
1538081235,299321358,0.00959,3.88533558,sell
1538081235,299321357,0.00959,1.63846988,sell
1538081165,299320980,0.0095833,15.0,sell
1538081164,299320976,0.0095833,10.0,sell
1538081164,299320967,0.0095834,50.0,sell
1538081143,299320811,0.0095846,1.32885,buy
1538081143,299320810,0.0095795,0.00000455,buy
1538081143,299320808,0.0095795,30.82263,buy
1538081142,299320802,0.0095795,20.0,buy
1538081142,299320799,0.0095795,1.22,buy
1538081142,299320798,0.0095795,30.0,buy
1538081142,299320797,0.0095795,1.3,buy
1538081128,299320507,0.009565,11.59157,sell
1538081128,299320506,0.009565,28.40843,sell
1538081125,299320475,0.0095652,0.19995442,sell
1538081125,299320474,0.0095652,0.2,sell
1538081125,299320473,0.0095652,0.47809935,sell
1538081125,299320472,0.0095652,0.22705832,sell
1538081125,299320471,0.0095652,0.2,sell
1538081125,299320470,0.0095652,0.74510908,sell
1538081125,299320469,0.0095652,0.49052716,sell
1538081125,299320468,0.0095652,0.21162415,sell
1538081125,299320467,0.0095652,0.21900752,sell
1538081125,299320466,0.0095652,0.2,sell
1538081024,299319920,0.0095786,0.98491876,buy
1538081024,299319919,0.0095748,2.26765197,buy
1538080974,299319564,0.0095692,0.2,sell
1538080910,299319117,0.0095795,3.31317964,buy
1538080878,299318960,0.0095775,3.31830052,buy
1538080827,299318781,0.009555,5.76978968,buy
1538080827,299318780,0.0095537,0.00000547,buy
1538080827,299318779,0.0095536,4.0,buy
1538080791,299318586,0.0095537,3.22386,buy
1538080723,299318382,0.0095448,0.82891442,sell
1538080672,299318173,0.009538,0.4,sell
1538080671,299318172,0.009538,0.6,sell
1538080671,299318169,0.0095415,0.409994,sell
1538080671,299318168,0.009555,0.000006,sell
1538080670,299318163,0.009555,1.59097,sell
1538080666,299318146,0.0095759,4.0,sell
1538080654,299318081,0.0095916,40.0,sell
1538080639,299317995,0.0096,1.676,buy
1538080638,299317990,0.0096,1.65099445,buy
1538080638,299317988,0.009583,0.00000555,buy
1538080635,299317953,0.009583,20.91425,buy
1538080493,299317023,0.0095582,4.0,buy
1538080445,299316780,0.00954,27.0,sell
1538080445,299316776,0.00954,0.98071913,sell
1538080445,299316775,0.00955,0.0000086,sell
1538080432,299316632,0.00955,5.0,sell
1538080431,299316626,0.00955,9.9999914,sell
1538080431,299316624,0.009555,0.0000086,sell
1538080420,299316494,0.009555,8.39607,sell
1538080378,299316131,0.0095518,7.0,buy
1538080378,299316130,0.0095518,0.5949214,buy
1538080355,299316006,0.0095518,0.4050786,buy
1538080282,299315503,0.0095534,3.693,sell
1538080278,299315462,0.0095621,1.956,sell
1538080277,299315455,0.0095621,0.457,sell
1538080238,299314991,0.0095898,0.69506103,buy
1538080198,299314504,0.0096058,6.421,sell
1538080198,299314503,0.0096058,4.8,sell
1538080191,299314460,0.0096,15.0,buy
1538080183,299314434,0.0095909,0.57965598,sell
1538080183,299314433,0.0095909,0.94392279,sell
1538080183,299314430,0.0095855,1.52357877,buy
1538080183,299314429,0.0095822,1.52357877,buy
1538080183,299314428,0.0095815,0.00001754,buy
1538080183,299314426,0.0095815,1.52356123,buy
1538080183,299314425,0.0095815,1.52357877,buy
1538080182,299314423,0.0095812,1.52356123,buy
1538080182,299314422,0.009581,0.00000877,buy
1538080182,299314421,0.009581,1.52357,buy
1538080178,299314389,0.0095651,1.9996,buy
1538080050,299313260,0.009539,15.57864525,sell
1538080050,299313259,0.0095392,2.0,sell
1538080050,299313258,0.0095397,4.0,sell
1538080050,299313257,0.009543,20.0,sell
1538080050,299313256,0.0095432,0.2,sell
1538080050,299313255,0.0095432,0.29087988,sell
1538080050,299313254,0.0095432,0.46748134,sell
1538080050,299313253,0.0095432,0.26298414,sell
1538080050,299313252,0.00955,0.00000939,sell
1538080050,299313251,0.0095536,0.2,sell
1538080050,299313250,0.0095539,7.0,sell
1538080033,299313066,0.00955,0.49999061,sell
1538080033,299313065,0.00955,6.55100939,sell
1538080028,299313026,0.0095538,0.2,sell
1538080028,299313024,0.0095576,18.5467,sell
1538080003,299312804,0.00955,0.41,sell
1538080003,299312803,0.00955,1.15699061,sell
1538080003,299312802,0.0095593,0.00000939,sell
1538080002,299312798,0.0095593,1.5332,sell
1538080002,299312788,0.00955,1.672,sell
1538080001,299312772,0.00955,1.475,sell
1538080001,299312771,0.00955,0.647,sell
1538080000,299312763,0.00955,0.6,sell
1538080000,299312762,0.00955,0.101,sell
1538080000,299312761,0.0095502,0.2,sell
1538080000,299312754,0.00955,2.387,sell
1538079994,299312681,0.0095807,0.34234,sell
1538079994,299312677,0.0095923,0.00000543,sell
1538079994,299312675,0.0095923,24.99709,sell
1538079994,299312663,0.0095925,1.22,sell
1538079993,299312641,0.0095927,15.0,sell
1538079980,299312488,0.0096296,13.89962964,buy
1538079980,299312487,0.0096266,5.05739614,buy
1538079980,299312486,0.0096215,2.08529922,buy
1538079980,299312485,0.0096164,3.92046108,buy
1538079980,299312484,0.0096164,87.79,buy
1538079980,299312483,0.0096164,250.0,buy
1538079980,299312482,0.0096,2.894,buy
1538079980,299312481,0.0096,0.732,buy
1538079979,299312461,0.0096,3.085,buy
1538079979,299312460,0.0096,0.707,buy
1538079979,299312454,0.0096,1.886,buy
1538079979,299312453,0.0096,1.503,buy
1538079978,299312452,0.0096,1.263,buy
1538079978,299312451,0.0096,0.79,buy
1538079978,299312450,0.0096,1.465,buy
1538079978,299312449,0.0096,0.675,buy
1538079978,299312445,0.0095999,1.63355071,buy
1538079978,299312444,0.0095949,0.32544929,buy
1538079977,299312443,0.0095949,0.58,buy
1538079977,299312442,0.0095949,0.6,buy
1538079977,299312435,0.0095999,3.075,buy
1538079977,299312434,0.0095999,1.516,buy
1538079977,299312433,0.0095706,1.50544929,sell
1538079977,299312432,0.0095999,1.57,buy
1538079977,299312430,0.0095999,0.727,buy
1538079977,299312429,0.0095999,0.8,buy
1538079977,299312427,0.0095999,2.194,buy
1538079976,299312411,0.0095865,3.99699827,buy
1538079976,299312409,0.0095706,0.00000173,buy
1538079976,299312406,0.0095706,10.46901,buy
1538079975,299312395,0.0095864,3.182,buy
1538079975,299312392,0.0095865,3.004,buy
1538079975,299312391,0.0095865,37.0,buy
1538079975,299312390,0.0095865,2.65498142,buy
1538079975,299312389,0.0095748,0.5,buy
1538079975,299312388,0.0095637,0.00001858,buy
1538079974,299312364,0.0095637,1.50543071,buy
1538079974,299312363,0.0095636,0.00000929,buy
1538079974,299312359,0.0095636,1.50544,buy
1538079970,299312185,0.0095501,4.0,buy
1538079950,299312002,0.0095348,0.19998871,sell
1538079950,299312001,0.0095348,0.2,sell
1538079950,299312000,0.0095348,0.32543187,sell
1538079950,299311999,0.0095348,0.2722901,sell
1538079950,299311998,0.0095348,0.30718932,sell
1538079892,299311430,0.0095369,0.19999327,sell
1538079892,299311429,0.0095512,0.00000673,sell
1538079887,299311303,0.0095512,1.38588,sell
1538079886,299311300,0.0095411,0.2,sell
1538079886,299311297,0.0095456,0.2,sell
1538079885,299311296,0.0095478,0.2,sell
1538079885,299311295,0.0095484,10.4515,sell
1538079884,299311290,0.009551,43.0,sell
1538079884,299311285,0.0095559,3.89802721,sell
1538079884,299311284,0.0095559,3.89802721,sell
1538079832,299311002,0.0095666,4.0,sell
1538079832,299311000,0.0095694,0.33718186,sell
1538079832,299310999,0.0095694,0.53469402,sell
1538079832,299310998,0.0095694,1.22626412,sell
1538079831,299310982,0.0095696,0.96753451,sell
1538079831,299310981,0.0095696,0.74569549,sell
1538079831,299310967,0.0095698,0.25361,sell
1538079831,299310964,0.00957,0.2,sell
1538079770,299310440,0.0095615,0.20333349,sell
1538079756,299310183,0.0095541,23.0,buy
1538079756,299310182,0.00955,7.0,buy
1538079691,299309675,0.0095626,26.96483,sell
1538079691,299309672,0.0095625,40.0,sell
1538079665,299309164,0.0095585,10.47503782,buy
1538079665,299309163,0.0095585,20.96326189,buy
1538079665,299309162,0.0095585,41.89359029,buy
1538079658,299308835,0.0095449,7.0,buy
1538079658,299308834,0.0095449,2.0,buy
1538079657,299308759,0.0095449,1.0,buy
1538079651,299308449,0.0095477,0.00000325,sell
1538079650,299308429,0.0095477,0.36726,sell
1538079641,299308303,0.0095477,0.63273675,sell
1538079633,299308177,0.0095597,2.95229132,buy
1538079630,299308151,0.0095598,6.30393759,buy
1538079610,299307660,0.0095626,1.0,buy
1538079548,299306934,0.0095398,11.0,buy
1538079544,299306922,0.0095398,0.5,buy
1538079531,299306811,0.0095301,0.49999541,sell
1538079531,299306810,0.0095422,0.00000459,sell
1538079526,299306775,0.0095423,4.8,buy
1538079526,299306774,0.0095423,5.2,buy
1538079514,299306684,0.0095423,1.0,buy
1538079489,299306463,0.0095448,1.85329,buy
1538079488,299306430,0.0095448,1.0459449,buy
1538079487,299306416,0.0095422,0.49999541,sell
1538079487,299306414,0.0095443,0.00000459,sell
1538079487,299306400,0.0095443,5.23869,sell
1538079481,299306349,0.0095475,2.0,sell
1538079478,299306325,0.00955,1.5,sell
1538079478,299306324,0.00955,15.0,sell
1538079448,299306046,0.0095551,52.38156731,sell
1538079448,299306045,0.0095553,0.41960694,sell
1538079448,299306044,0.0095553,0.35438575,sell
1538079441,299305962,0.0095593,5.8445,sell
1538079432,299305807,0.0095593,10.35,sell
1538079431,299305799,0.0095648,40.0,sell
1538079428,299305734,0.0095752,0.2,sell
1538079423,299305664,0.0095829,0.2,sell
1538079389,299305283,0.0095902,0.36649424,buy
1538079383,299305208,0.0095855,0.25039,sell
1538079373,299305061,0.0095808,9.5,sell
1538079372,299305060,0.0095865,46.0,sell
1538079368,299305011,0.0095808,10.23501198,sell
1538079368,299305010,0.009581,1.19411151,sell
1538079368,299305009,0.009581,0.60669751,sell
1538079368,299305008,0.009581,0.2,sell
1538079368,299305007,0.009581,0.42421057,sell
1538079368,299305006,0.009581,0.33996843,sell
1538079368,299305005,0.009581,0.2,sell
1538079342,299304807,0.0095861,9.99999308,sell
1538079342,299304806,0.0095914,7.0,sell
1538079342,299304805,0.0095914,4.0,sell
1538079342,299304804,0.0096128,0.00000692,sell
1538079329,299304675,0.0096199,2.0,buy
1538079326,299304657,0.0096128,5.31476606,sell
1538079326,299304656,0.0096131,0.00000394,sell
1538079320,299304603,0.0096131,0.22992,sell
1538079314,299304559,0.0096128,28.68523931,sell
1538079314,299304558,0.009613,0.2,sell
1538079314,299304557,0.009613,0.20785801,sell
1538079314,299304556,0.009613,0.48854636,sell
1538079314,299304555,0.009613,7.0,sell
1538079314,299304554,0.009613,0.21835632,sell
1538079314,299304553,0.009613,0.2,sell
1538079312,299304488,0.0096199,0.5622,buy
1538079312,299304487,0.0096199,0.57,buy
1538079311,299304462,0.0096199,4.33,buy
1538079295,299304195,0.0096376,1.0,buy
1538079294,299304155,0.0096406,6.76089239,buy
1538079294,299304154,0.0096366,10.39015014,buy
1538079294,299304153,0.0096334,8.84895747,buy
1538079294,299304152,0.0096297,12.0,buy
1538079294,299304151,0.0096249,12.0,buy
1538079290,299304107,0.0096436,8.871,buy
1538079290,299304106,0.00963,6.129,buy
1538079289,299304105,0.0096436,7.8,buy
1538079289,299304104,0.0096388,29.2,buy
1538079289,299304103,0.0096388,5.8,buy
1538079289,299304102,0.0096371,5.2,buy
1538079289,299304101,0.0096349,12.0,buy
1538079289,299304100,0.00963,7.0,buy
1538079277,299304028,0.0096,81.11019261,buy
1538079277,299304021,0.0096,9.29,buy
1538079277,299304017,0.0096,9.29,buy
1538079277,299304016,0.0096,9.29,buy
1538079277,299304015,0.0096,9.29,buy
1538079276,299304013,0.0096,9.29,buy
1538079276,299304010,0.0096,9.29,buy
1538079276,299304008,0.0096,25.0,buy
1538079276,299304007,0.0096,45.20058489,buy
1538079276,299304006,0.0096,9.29,buy
1538079276,299304003,0.0096,7.79510802,buy
1538079276,299304002,0.0096,3.30053484,buy
1538079276,299303985,0.0096,10.39392994,buy
1538079276,299303983,0.0096,10.39392994,buy
1538079275,299303969,0.0096,10.39392994,buy
1538079275,299303968,0.0096,10.39392994,buy
1538079275,299303965,0.0096,10.39392994,buy
1538079274,299303962,0.0096,10.39392994,buy
1538079273,299303908,0.0096,5.2,buy
1538079273,299303903,0.0096,5.0,buy
1538079264,299303762,0.0095954,4.15277,buy
1538079263,299303758,0.0095953,20.0,buy
1538079263,299303757,0.0095953,20.0,buy
1538079263,299303756,0.0095953,13.0,buy
1538079263,299303752,0.00959,13.0,buy
1538079263,299303746,0.0095899,12.0,buy
1538079263,299303743,0.00959,17.0,buy
1538079262,299303735,0.0095799,12.0,buy
1538079262,299303734,0.0095799,3.99999518,buy
1538079223,299303264,0.0095553,14.85156824,sell
1538079223,299303263,0.0095572,8.29774034,sell
1538079223,299303262,0.0095592,5.0,sell
1538079223,299303261,0.0095593,10.43569006,sell
1538079223,299303259,0.009561,5.0,sell
1538079223,299303258,0.009562,4.14916954,sell
1538079223,299303257,0.0095628,5.0962,sell
1538079218,299303172,0.0095644,60.61481613,sell
1538079218,299303171,0.0095648,8.80937225,sell
1538079218,299303170,0.0095665,4.14773925,sell
1538079218,299303169,0.0095693,10.42807237,sell
1538079217,299303154,0.0095644,50.0,sell
1538079217,299303153,0.0095644,91.19039654,sell
1538079217,299303152,0.0095688,9.12479241,sell
1538079217,299303151,0.0095693,10.42481105,sell
1538079217,299303150,0.0095696,34.76,sell
1538079217,299303149,0.0095709,0.5,sell
1538079217,299303148,0.009571,10.0,sell
1538079211,299303095,0.0095823,88.74674447,sell
1538079211,299303094,0.0095833,20.83550369,sell
1538079211,299303093,0.0095843,10.41775184,sell
1538079210,299303073,0.0095823,78.47735703,sell
1538079210,299303072,0.0095842,7.0,sell
1538079210,299303071,0.0095842,3.28945249,sell
1538079210,299303070,0.0095893,20.82248828,sell
1538079210,299303069,0.0095913,10.4107022,sell
1538079197,299302941,0.0095951,0.2876,buy
1538079195,299302894,0.0095913,4.0,sell
1538079194,299302878,0.0095913,17.0635839,sell
1538079194,299302877,0.0095915,53.52896437,sell
1538079194,299302876,0.0095923,10.40745173,sell
1538079192,299302809,0.0095952,0.2682,buy
1538079190,299302755,0.0095915,103.24713921,sell
1538079190,299302754,0.0095915,93.22389642,sell
1538079190,299302753,0.0095927,4.14269314,sell
1538079190,299302752,0.0095943,20.78894028,sell
1538079190,299302751,0.0095953,2.0,sell
1538079190,299302750,0.0095954,54.05,sell
1538079190,299302749,0.0096,15.0,sell
1538079190,299302748,0.0096003,10.39447014,sell
1538079189,299302723,0.0096004,1.61602509,buy
1538079188,299302714,0.0096014,5.0,sell
1538079122,299301965,0.0096165,2.0,buy
1538079081,299301119,0.0096129,0.4995,sell
1538079079,299301107,0.0096167,0.3667127,buy
1538079075,299301070,0.0096167,0.7217,sell
1538079073,299301024,0.0096299,1.21104589,sell
1538079054,299300827,0.0096349,1.07828673,buy
1538079012,299300361,0.0096459,0.2,sell
1538078994,299300034,0.0096302,1.23194992,sell
1538078994,299300032,0.0096302,0.2,sell
1538078994,299299956,0.0096301,4.33444073,sell
1538078994,299299950,0.0096301,1.59060593,sell
1538078994,299299949,0.0096301,0.2,sell
1538078985,299299670,0.00963,20.91566168,sell
1538078980,299299582,0.0096298,1.75988395,sell
1538078980,299299581,0.00963,0.94793534,sell
1538078980,299299580,0.00963,0.94586368,sell
1538078980,299299579,0.0096301,0.2,sell
1538078980,299299577,0.0096455,1.77164066,sell
1538078980,299299576,0.0096455,0.22835934,sell
1538078980,299299575,0.0096456,3.62532363,sell
1538078979,299299550,0.0096456,1.37467637,sell
1538078979,299299542,0.00965,5.0,sell
1538078976,299299494,0.0096457,0.20204,sell
1538078976,299299483,0.0096457,0.2,sell
1538078973,299299356,0.0096472,0.2,sell
1538078973,299299337,0.00965,0.2,sell
1538078972,299299331,0.00965,14.8,sell
1538078972,299299330,0.0096501,0.2,sell
1538078972,299299275,0.0096542,3.27829518,sell
1538078972,299299274,0.0096589,0.0000013,sell
1538078972,299299261,0.0096589,4.9999987,sell
1538078972,299299259,0.0096645,0.0000013,sell
1538078968,299299070,0.0096675,0.2,sell
1538078965,299298897,0.0096759,0.23969356,sell
1538078965,299298896,0.0096759,0.48131644,sell
1538078965,299298858,0.009676,0.2,sell
1538078963,299298778,0.0097024,14.57961343,buy
1538078963,299298777,0.0096993,8.53481876,buy
1538078963,299298776,0.0096949,12.0,buy
1538078953,299298700,0.0096949,6.0,buy
1538078933,299298504,0.0096915,0.87630042,sell
1538078933,299298503,0.0096915,0.20489958,sell
1538078915,299298349,0.0096938,4.53818,buy
1538078911,299298306,0.0096939,1.48859,buy
1538078909,299298274,0.0096883,5.0,buy
1538078909,299298271,0.0096849,12.0,buy
1538078900,299298102,0.0096796,1.02887688,buy
1538078790,299296746,0.0097006,1.0,buy
1538078790,299296743,0.0096947,4.0,buy
1538078790,299296742,0.0096809,5.0,buy
1538078760,299295877,0.0096645,4.79944,sell
1538078759,299295850,0.0096646,0.2,sell
1538078759,299295811,0.0096645,5.2005587,sell
1538078759,299295810,0.0096696,0.0000193,sell
1538078750,299295503,0.0096696,0.47067467,sell
1538078750,299295502,0.0096698,0.00000739,sell
1538078750,299295501,0.0096698,0.00000794,sell
1538078749,299295497,0.0096698,0.47068603,sell
1538078749,299295496,0.0096749,0.00000397,sell
1538078747,299295462,0.0096749,0.47069,sell
1538078747,299295438,0.009675,0.19999261,sell
1538078747,299295437,0.0096773,0.00000739,sell
1538078742,299295273,0.0096773,0.47068658,sell
1538078742,299295272,0.0096774,0.00000342,sell
1538078742,299295265,0.0096774,0.19999658,sell
1538078742,299295264,0.0096774,0.00000342,sell
1538078742,299295261,0.0096774,3.06417,sell
1538078741,299295248,0.0096774,0.15210396,sell
1538078741,299295247,0.0096783,3.06416604,sell
1538078737,299295125,0.0096916,0.2,sell
1538078705,299294643,0.0097049,3.21627738,buy
1538078705,299294642,0.0097049,7.0,buy
1538078705,299294638,0.0096912,2.32,sell
1538078705,299294635,0.0096912,2.0,sell
1538078705,299294633,0.0096912,0.39413456,sell
1538078705,299294630,0.0096912,9.4982176,sell
1538078705,299294629,0.0096912,10.29813088,sell
1538078705,299294628,0.0096913,0.2,sell
1538078705,299294627,0.0096952,0.2,sell
1538078705,299294626,0.0096952,7.0,sell
1538078655,299292839,0.009677,2.91,buy
1538078648,299292703,0.009677,0.2,sell
1538078643,299292483,0.0096866,0.2,buy
1538078632,299291896,0.0096926,1.51578756,buy
1538078625,299291553,0.0096787,0.419,sell
1538078623,299291449,0.0096909,2.37086222,sell
1538078623,299291448,0.0096911,0.2,sell
1538078623,299291447,0.0096911,2.0,sell
1538078623,299291446,0.0097,0.62971578,sell
1538078619,299291280,0.0097,1.691,sell
1538078618,299291227,0.0097,0.54853783,sell
1538078614,299291066,0.0097,0.334,sell
1538078614,299291033,0.0097,1.802,sell
1538078612,299290948,0.0097001,0.968,sell
1538078612,299290934,0.0097001,0.755,sell
1538078611,299290893,0.0097001,0.6,sell
1538078611,299290879,0.0097001,0.807,sell
1538078611,299290876,0.0097001,0.6,sell
1538078611,299290871,0.0097001,1.063,sell
1538078611,299290864,0.0097001,0.6,sell
1538078611,299290862,0.0097001,1.371,sell
1538078610,299290803,0.0097001,0.493,sell
1538078610,299290794,0.0097001,0.84,sell
1538078610,299290783,0.0097001,0.444,sell
1538078610,299290782,0.0097001,0.745,sell
1538078610,299290780,0.0097001,0.292,sell
1538078610,299290779,0.0097002,0.2,sell
1538078609,299290758,0.0097001,3.81739694,sell
1538078609,299290753,0.0097001,3.7172059,sell
1538078608,299290680,0.0097022,4.399,sell
1538078607,299290513,0.0097021,0.601,sell
1538078606,299290480,0.0097021,1.82399337,sell
1538078606,299290479,0.0097157,0.00000663,sell
1538078601,299290132,0.0097157,1.56643,sell
1538078601,299290107,0.0097158,5.0,sell
1538078601,299290088,0.009719,8.44,sell
1538078593,299289595,0.0097239,0.34332603,sell
1538078593,299289594,0.0097297,1.56643663,sell
1538078593,299289593,0.0097298,1.56643663,sell
1538078593,299289586,0.0097302,3.47619159,sell
1538078593,299289585,0.009734,0.0000077,sell
1538078592,299289516,0.009734,1.55398,sell
1538078562,299288063,0.0097418,8.567,buy
1538078562,299288062,0.0097341,4.439,buy
1538078549,299287374,0.0097516,30.0,sell
1538078546,299287115,0.0097419,71.314,sell
1538078532,299286054,0.0097495,2.9231,sell
1538078532,299286053,0.0097496,8.0374,sell
1538078532,299286052,0.0097593,4.0,sell
1538078527,299285786,0.0097676,1.51683396,sell
1538078522,299285460,0.0097676,159.99999208,buy
1538078522,299285459,0.0097566,0.00000792,buy
1538078520,299285398,0.0097566,1.51682604,buy
1538078520,299285397,0.0097565,0.00000396,buy
1538078520,299285392,0.0097562,1.51683396,sell
1538078520,299285390,0.0097565,11.99999604,buy
1538078520,299285388,0.0097563,0.00000396,buy
1538078519,299285384,0.0097563,0.51683,buy
1538078518,299285297,0.0097563,1.0,buy
1538078510,299284991,0.009747,20.0,buy
1538078510,299284990,0.0097409,40.0,buy
1538078510,299284989,0.0097349,12.0,buy
1538078510,299284988,0.0097336,12.0,buy
1538078504,299284848,0.0097286,0.55362445,buy
1538078503,299284820,0.009728,4.374,buy
1538078501,299284782,0.009728,1.53373985,buy
1538078501,299284781,0.0097272,4.46626015,buy
1538078475,299283925,0.009728,2.25,buy
1538078456,299283268,0.0097352,3.00417511,sell
1538078435,299282838,0.0097353,2.0,buy
1538078422,299282421,0.0097349,12.0,buy
1538078416,299282205,0.0097393,0.2,buy
1538078414,299282129,0.0097393,2.0,buy
1538078383,299280857,0.0097523,4.19089733,buy
1538078383,299280856,0.0097495,1.49634023,buy
1538078383,299280855,0.0097479,10.26777854,buy
1538078383,299280854,0.0097452,1.6689839,buy
1538078383,299280853,0.0097451,2.26,buy
1538078383,299280852,0.0097451,12.0,buy
1538078358,299280301,0.0097449,2.71199977,buy
1538078358,299280300,0.0097384,0.00000023,buy
1538078355,299280201,0.0097384,1.49634,buy
1538078354,299280178,0.0097348,5.0,buy
1538078353,299280132,0.0097326,12.0,buy
1538078352,299280058,0.0097301,12.0,buy
1538078349,299279942,0.0097193,12.0,buy
1538078338,299279714,0.0097196,14.81971514,sell
1538078328,299279622,0.00973,10.0,sell
1538078326,299279606,0.0097199,12.0,buy
1538078307,299279353,0.0097152,1.843,sell
1538078307,299279352,0.0097152,1.505,sell
1538078307,299279351,0.0097152,0.647,sell
1538078264,299278624,0.0097189,1.66899116,sell
1538078264,299278623,0.0097341,0.00000884,sell
1538078262,299278606,0.0097341,1.57196,sell
1538078258,299278555,0.0097346,1.57195116,sell
1538078258,299278554,0.0097434,0.00000884,sell
1538078258,299278544,0.0097434,1.57196,sell
1538078258,299278539,0.0097478,4.99999274,sell
1538078258,299278537,0.00975,0.00000726,sell
1538078258,299278536,0.00975,13.62983,sell
1538078257,299278530,0.00975,1.37016274,sell
1538078257,299278529,0.0097501,0.00002652,sell
1538078254,299278478,0.0097501,1.57194232,sell
1538078254,299278477,0.0097501,1.57196884,sell
1538078254,299278476,0.0097504,0.00000884,sell
1538078254,299278474,0.0097504,1.57196,sell
1538078248,299278395,0.0097556,4.374,sell
1538078248,299278384,0.0097556,3.385395,sell
1538078198,299277759,0.0097688,5.0,buy
1538078197,299277751,0.0097543,2.023,sell
1538078196,299277689,0.0097648,17.322,buy
1538078196,299277687,0.0097647,12.0,buy
1538078178,299277340,0.0097501,8.429,buy
1538078162,299277135,0.0097505,10.0,buy
1538078139,299276940,0.0097618,5.0,sell
1538078115,299276584,0.0097707,3.0,buy
1538078115,299276583,0.0097699,12.0,buy
1538078102,299276333,0.0097818,15.98665174,buy
1538078102,299276332,0.0097798,2.3886185,buy
1538078102,299276331,0.0097798,3.76467662,buy
1538078102,299276330,0.0097797,12.0,buy
1538078102,299276329,0.0097795,0.21924636,buy
1538078102,299276328,0.0097793,1.72527949,buy
1538078102,299276327,0.0097767,10.24432721,buy
1538078102,299276326,0.0097749,12.0,buy
1538078071,299275977,0.0098153,29.77975369,buy
1538078071,299275976,0.0098008,10.22024631,buy
1538078070,299275965,0.0098088,7.8,buy
1538078070,299275964,0.009803,0.2,buy
1538078070,299275963,0.0097961,12.0,buy
1538078070,299275935,0.0098199,63.07727651,buy
1538078069,299275934,0.0098191,7.66430351,buy
1538078069,299275933,0.0098189,4.9999913,buy
1538078069,299275932,0.0098188,1.54520449,buy
1538078069,299275931,0.0098151,28.0,buy
1538078069,299275930,0.0098137,3.2699734,buy
1538078069,299275929,0.0098113,2.04813186,buy
1538078069,299275928,0.0098098,40.86219226,buy
1538078069,299275927,0.0098093,47.0,buy
1538078069,299275926,0.0098084,1.50691329,buy
1538078069,299275925,0.0098078,10.21554807,buy
1538078069,299275924,0.0098008,10.21920189,buy
1538078069,299275923,0.0097983,7.9647936,buy
1538078069,299275922,0.0097977,9.62646982,buy
1538078069,299275921,0.0097962,12.0,buy
1538078069,299275861,0.009796,6.15117684,buy
1538078069,299275860,0.009796,3.31794226,buy
1538078069,299275859,0.009795,6.2845809,buy
1538078069,299275858,0.0097949,12.0,buy
1538078069,299275857,0.0097949,2.2463,buy
1538078059,299275715,0.0097923,1.99,sell
1538078059,299275710,0.0097923,0.2563,sell
1538078058,299275707,0.0097922,4.71095,sell
1538078048,299275414,0.0097811,1.5718,sell
1538078044,299275306,0.0097951,12.0,buy
1538078044,299275292,0.0097952,5.0,buy
1538078043,299275276,0.0097826,12.0,buy
1538078041,299275187,0.0097764,1.5718,sell
1538078041,299275163,0.0098112,30.26583858,buy
1538078041,299275162,0.0098104,12.0,buy
1538078041,299275161,0.0098097,2.04776633,buy
1538078041,299275160,0.0098013,7.68639509,buy
1538078041,299275159,0.0097958,5.0,buy
1538078040,299275158,0.0097953,38.0,buy
1538078040,299275157,0.0097953,5.0,buy
1538078040,299275134,0.0098113,7.95186814,buy
1538078040,299275132,0.0097983,2.04813186,buy
1538078040,299275125,0.0098105,45.80822192,buy
1538078040,299275124,0.0098088,20.4865557,buy
1538078040,299275122,0.0098083,10.61780656,buy
1538078040,299275121,0.0098075,20.50078288,buy
1538078040,299275120,0.0098075,10.25039144,buy
1538078040,299275119,0.0098074,122.62540263,buy
1538078040,299275118,0.009807,1.50691329,buy
1538078040,299275117,0.0098,5.190099,buy
1538078040,299275116,0.0097999,1.50691329,buy
1538078040,299275115,0.0097998,1.50691329,buy
1538078040,299275114,0.0097984,5.0,buy
1538078040,299275113,0.009785,5.0,buy
1538078039,299275108,0.0097955,6.53176986,buy
1538078039,299275107,0.0097954,2.04909731,buy
1538078039,299275106,0.0097853,6.41913283,buy
1538078039,299275103,0.0097853,0.61552451,buy
1538078039,299275102,0.0097842,5.0,buy
1538078039,299275101,0.0097838,10.24695154,buy
1538078039,299275100,0.0097824,5.0,buy
1538078039,299275099,0.0097806,5.0,buy
1538078039,299275098,0.0097789,4.13752395,buy
1538078038,299275059,0.0097955,7.65209762,buy
1538078038,299275058,0.0097927,104.0,buy
1538078038,299275057,0.0097926,2.04917141,buy
1538078038,299275056,0.0097858,10.24485197,buy
1538078038,299275055,0.0097854,42.25799856,buy
1538078038,299275054,0.0097846,4.79588044,buy
1538078038,299275039,0.0097854,58.75304846,buy
1538078038,299275038,0.0097797,10.24695154,buy
1538078038,299275037,0.009777,6.0,buy
1538078038,299275036,0.0097746,12.0,buy
1538078036,299274974,0.009777,9.0,buy
1538078036,299274971,0.009777,12.0,buy
1538078036,299274970,0.0097736,12.0,buy
1538078036,299274961,0.0097769,5.0,buy
1538078036,299274960,0.0097737,7.0,buy
1538078030,299274684,0.0097702,10.0,sell
1538078029,299274642,0.00977,14.99635,sell
1538078029,299274641,0.00977,9.99999548,sell
1538078029,299274640,0.0097768,0.00000452,sell
1538078028,299274621,0.0097768,7.74133,sell
1538078027,299274595,0.009777,0.56136015,sell
1538078027,299274594,0.009777,0.35789985,sell
1538078024,299274516,0.0097804,0.5,buy
1538078024,299274505,0.0097768,33.21725527,buy
1538078024,299274502,0.0097768,7.74133452,buy
1538078023,299274492,0.0097729,1.36861997,sell
1538078022,299274424,0.0097768,18.00000458,buy
1538078019,299274351,0.0097767,3.282234,buy
1538078019,299274332,0.0097767,7.74133452,buy
1538078018,299274304,0.0097706,1.637,buy
1538078017,299274261,0.0097696,5.398,buy
1538078017,299274219,0.0097696,2.882,buy
1538078015,299274110,0.0097706,1.749,buy
1538078013,299274061,0.0097706,2.006,buy
1538078012,299274015,0.0097707,3.457,buy
1538078012,299274009,0.0097707,3.646,buy
1538078012,299274006,0.0097707,1.60407212,buy
1538078012,299274005,0.0097632,1.80192788,buy
1538078012,299274004,0.0097632,0.3,buy
1538078011,299274003,0.0097588,0.00190174,buy
1538078011,299274000,0.0097581,30.73,buy
1538078011,299273992,0.0097588,1.48104913,buy
1538078011,299273991,0.0097588,1.48295087,buy
1538078011,299273985,0.0097581,10.73,buy
1538078011,299273982,0.0097581,20.0,buy
1538078010,299273971,0.0097528,2.73838768,buy
1538078004,299273682,0.0097385,4.0,buy
1538078002,299273585,0.0097202,0.07920409,sell
1538078002,299273584,0.0097211,10.36121666,sell
1538078002,299273583,0.0097254,5.0,sell
1538078002,299273582,0.0097255,4.0,sell
1538078002,299273581,0.0097257,7.0,sell
1538078002,299273580,0.0097257,2.351799,sell
1538077998,299273257,0.0097274,0.30103,buy
1538077997,299273241,0.0097274,20.30299949,buy
1538077965,299271341,0.0097162,12.3960583,buy
1538077965,299271337,0.0097,1.59701449,sell
1538077965,299271329,0.0097,2.19886595,sell
1538077965,299271325,0.0097,2.19886595,sell
1538077963,299271283,0.0097,4.0,sell
1538077959,299271148,0.0097025,1.0,buy
1538077957,299271056,0.0097026,0.33,buy
1538077956,299270934,0.0097025,2.19886595,sell
1538077955,299270927,0.0097001,2.19886595,sell
1538077955,299270922,0.0097001,2.19886595,sell
1538077955,299270921,0.0097001,2.19886595,sell
1538077955,299270919,0.0097001,2.19885774,sell
1538077955,299270918,0.0097025,0.00000821,sell
1538077955,299270896,0.0097025,41.50116,sell
1538077954,299270875,0.0097025,0.77171135,sell
1538077954,299270874,0.0097025,3.85856022,sell
1538077954,299270871,0.0097025,3.85856022,sell
1538077954,299270844,0.0097147,10.2488623,sell
1538077953,299270843,0.0097147,20.49777829,sell
1538077953,299270841,0.0097161,0.00000941,sell
1538077952,299270788,0.0097161,14.52236596,sell
1538077952,299270786,0.0097213,0.00000404,sell
1538077952,299270776,0.0097213,1.06402,sell
1538077952,299270759,0.0097213,0.49399798,sell
1538077952,299270758,0.0097335,0.00000202,sell
1538077949,299270578,0.0097335,1.55802,sell
1538077949,299270540,0.0097262,6.0,sell
1538077948,299270508,0.0097277,4.9999913,sell
1538077948,299270507,0.0097296,0.0000087,sell
1538077948,299270499,0.0097296,20.9999913,sell
1538077948,299270498,0.0097336,0.0000087,sell
1538077948,299270467,0.0097336,1.55801332,sell
1538077948,299270466,0.009736,0.00000668,sell
1538077948,299270461,0.009736,20.50084798,sell
1538077948,299270458,0.0097363,0.00000202,sell
1538077947,299270452,0.0097363,1.55802,sell
1538077947,299270451,0.0097374,20.0,sell
1538077947,299270447,0.0097374,100.0,sell
1538077947,299270445,0.0097374,40.0,sell
1538077947,299270440,0.009742,0.00000404,sell
1538077947,299270438,0.009742,1.55801798,sell
1538077947,299270437,0.009742,1.55802202,sell
1538077947,299270422,0.0097421,4.0,sell
1538077947,299270406,0.0097431,8.93,sell
1538077941,299270123,0.0097624,10.0,sell
1538077888,299266350,0.0097429,0.6,sell
1538077886,299266206,0.0097563,3.19415351,sell
1538077877,299265359,0.0097665,1.61139579,sell
1538077868,299264605,0.009769,0.5,buy
1538077865,299264349,0.0097666,0.2606099,sell
1538077860,299263749,0.0097908,3.38130387,buy
1538077860,299263748,0.009784,5.0,buy
1538077860,299263747,0.0097725,0.0000038,buy
1538077860,299263746,0.0097723,12.0,buy
1538077860,299263745,0.0097721,4.0,buy
1538077860,299263743,0.00977,4.41091208,buy
1538077850,299263156,0.0097704,0.81869467,sell
1538077850,299263155,0.0097704,0.05410919,sell
1538077850,299263137,0.0097704,1.544,sell
1538077847,299263007,0.0097725,4.99998794,buy
1538077847,299263005,0.0097725,5.0,buy
1538077847,299263004,0.0097725,5.0,buy
1538077847,299263003,0.0097709,0.00000206,buy
1538077846,299262974,0.0097709,10.40188875,buy
1538077846,299262973,0.0097708,0.00000125,buy
1538077845,299262895,0.0097704,3.93162,buy
1538077845,299262880,0.0097664,0.784,sell
1538077845,299262878,0.0097664,1.02184649,sell
1538077845,299262877,0.0097666,0.25515351,sell
1538077844,299262770,0.0097666,0.2,buy
1538077843,299262720,0.0097709,1.59810919,buy
1538077843,299262667,0.0097723,0.76869,buy
1538077842,299262620,0.009771,0.05721047,buy
1538077842,299262619,0.009771,0.85123175,buy
1538077841,299262444,0.0097713,4.0,sell
1538077841,299262443,0.0097719,1.57147224,sell
1538077841,299262441,0.0097724,4.339,sell
1538077841,299262409,0.0097724,0.661,sell
1538077841,299262360,0.0097832,5.0,sell
1538077841,299262359,0.0097837,15.0,sell
1538077811,299259779,0.0098122,4.34228,buy
1538077810,299259750,0.0098121,10.9,buy
1538077804,299259200,0.0098011,5.0,buy
1538077795,299257858,0.0098228,2.93189088,buy
1538077795,299257857,0.0098183,4.77570584,buy
1538077791,299257567,0.009828,16.876,buy
1538077791,299257566,0.00982,3.124,buy
1538077786,299257132,0.0098183,1.37079805,sell
1538077786,299257121,0.0098203,4.104,sell
1538077785,299257075,0.0098203,0.296,sell
1538077784,299256965,0.0098279,5.0,sell
1538077784,299256944,0.009829,0.07609279,buy
1538077784,299256943,0.009828,7.64,buy
1538077783,299256649,0.0098238,7.21559229,buy
1538077782,299256622,0.0098238,0.50050049,buy
1538077781,299256422,0.0098203,0.6,sell
1538077778,299256273,0.0098207,1.57147224,sell
1538077775,299256004,0.0098288,15.67131197,buy
1538077775,299256003,0.0098238,10.20512298,buy
1538077774,299255951,0.0098189,6.11480435,buy
1538077774,299255950,0.0098189,1.6090284,buy
1538077772,299255670,0.0098189,2.7333216,buy
1538077772,299255669,0.0098171,4.99051115,buy
1538077772,299255632,0.0098171,3.42852776,sell
1538077772,299255542,0.0098171,1.57147224,sell
1538077767,299254815,0.0098189,1.29348816,sell
1538077767,299254814,0.0098189,2.82852776,sell
1538077766,299254669,0.0098189,1.57147224,sell
1538077764,299254354,0.0098113,10.0,buy
1538077763,299253994,0.0098086,3.7927,sell
1538077762,299253888,0.0098087,1.43503611,sell
1538077760,299253817,0.0098086,0.8,sell
1538077752,299253171,0.0098087,37.86399846,buy
1538077752,299253170,0.0098042,2.24000154,buy
1538077749,299253074,0.0098042,7.75999846,buy
1538077749,299253045,0.0098014,4.0,buy
1538077749,299253014,0.0098,10.0,buy
1538077749,299253013,0.0098,15.0,buy
1538077730,299251970,0.0097987,7.75999846,buy
1538077729,299251911,0.0097843,1.57882931,sell
1538077729,299251909,0.0097843,1.38959632,sell
1538077729,299251908,0.0097844,0.56711322,sell
1538077728,299251577,0.0097892,64.01,buy
1538077726,299251428,0.0097839,2.55,sell
1538077724,299251328,0.0097893,1.96023647,buy
1538077722,299251210,0.0097837,3.81754018,sell
1538077722,299251209,0.0097837,27.2265519,sell
1538077721,299251147,0.0097828,10.25535,buy
1538077721,299251144,0.0097827,0.6,sell
1538077721,299251138,0.009783,7.8006359,buy
1538077720,299251104,0.0097828,6.74278,buy
1538077720,299251096,0.009775,1.51038965,sell
1538077720,299251091,0.0097828,3.49944765,buy
1538077720,299251090,0.0097786,56.56055235,buy
1538077720,299251023,0.0097786,3.26944765,buy
1538077720,299251022,0.009761,1.51038965,buy
1538077720,299251020,0.009761,1.51038965,buy
1538077720,299251019,0.0097604,1.51038965,buy
1538077720,299251017,0.0097589,0.0000193,buy
1538077712,299250656,0.0097589,1.51037035,buy
1538077712,299250655,0.0097531,0.00000965,buy
1538077712,299250631,0.0097531,1.51038,buy
1538077711,299250608,0.009753,1.51038,buy
1538077706,299250270,0.0097573,7.84071844,buy
1538077704,299250050,0.0097444,11.0,buy
1538077704,299250049,0.0097443,12.0,buy
1538077702,299249928,0.0097444,10.0,buy
1538077702,299249915,0.009741,12.5326,buy
1538077702,299249914,0.009741,7.4674,buy
1538077702,299249912,0.0097378,30.0,buy
1538077701,299249901,0.0097347,37.0,buy
1538077701,299249891,0.0097308,24.0,buy
1538077701,299249874,0.0097306,0.5,buy
1538077700,299249721,0.0097272,10.0,buy
1538077700,299249720,0.0097272,5.9674,buy
1538077700,299249719,0.0097272,12.0326,buy
1538077697,299249539,0.0097242,29.5004759,buy
1538077697,299249538,0.0097225,0.0000041,buy
1538077697,299249385,0.0097225,3.96282,buy
1538077696,299249316,0.0097224,12.0,buy
1538077690,299249118,0.0097179,2.96694,buy
1538077690,299249103,0.0097178,9.03306,buy
1538077690,299249097,0.0097178,2.96694,buy
1538077689,299249060,0.0097164,4.0,buy
1538077689,299249052,0.0097162,12.0,buy
1538077687,299248979,0.0097151,1.51038965,sell
1538077684,299248874,0.0097171,10.0913287,sell
1538077684,299248839,0.0097236,0.2,sell
1538077677,299248313,0.0097242,0.49951682,buy
1538077644,299248107,0.0097418,8.967,sell
1538077644,299248106,0.0097418,14.7,sell
1538077512,299247143,0.0097697,5.86946446,buy
1538077512,299247142,0.0097667,10.25325541,buy
1538077512,299247141,0.0097584,0.00028013,buy
1538077507,299247089,0.0097584,4.967,buy
1538077507,299247075,0.0097595,2.58271987,sell
1538077499,299246959,0.0097716,2.58271987,buy
1538077498,299246958,0.0097715,0.28628013,buy
1538077498,299246957,0.0097715,0.2,buy
1538077498,299246956,0.0097715,0.2,buy
1538077494,299246933,0.0097715,0.51252614,buy
1538077494,299246932,0.0097715,0.35939386,buy
1538077492,299246899,0.009768,0.2,buy
1538077492,299246898,0.009768,0.2,buy
1538077490,299246884,0.0097494,0.9544,sell
1538077490,299246883,0.0097495,4.0,sell
1538077490,299246881,0.0097684,2.37078798,buy
1538077490,299246880,0.0097624,10.0,buy
1538077490,299246879,0.0097614,1.49786818,buy
1538077490,299246878,0.0097532,13.9999971,buy
1538077490,299246877,0.0097524,1.31021,buy
1538077490,299246876,0.0097515,10.27371225,buy
1538077490,299246875,0.0097515,20.54742449,buy
1538077490,299246870,0.00975,7.12684342,buy
1538077490,299246866,0.00975,7.87315658,buy
1538077490,299246821,0.0097499,4.0,buy
1538077487,299246788,0.0097445,12.0,buy
1538077478,299246679,0.0097226,12.0,buy
1538077472,299246622,0.0097214,6.67010785,sell
1538077464,299246556,0.009726,1.60136131,sell
1538077428,299246111,0.0097263,1.39702853,sell
1538077427,299246086,0.0097266,5.8,buy
1538077427,299246085,0.0097264,0.2,buy
1538077391,299245657,0.009726,1.39863869,sell
1538077280,299245519,0.0097118,0.85331537,sell
1538077264,299245497,0.0097117,1.88516049,sell
1538077258,299245484,0.0097089,1.3,sell
1538077195,299245351,0.0097111,3.9628241,sell
1538077110,299245032,0.0097058,20.0,sell
1538077109,299245031,0.0097058,10.0,sell
1538077102,299245016,0.009692,1.72947777,sell
1538077102,299245015,0.0096921,1.19752223,sell
1538077102,299245014,0.0096956,4.0,sell
1538077101,299245011,0.0096971,2.83629455,sell
1538077101,299245010,0.0097202,0.00070545,sell
1538077094,299244987,0.0097202,15.35,sell
1538077093,299244985,0.0097202,0.342,sell
1538077092,299244984,0.0097247,11.10182673,buy
1538077092,299244983,0.0097245,0.40639683,buy
1538077092,299244982,0.0097203,0.85955981,buy
1538077092,299244981,0.0097203,0.2,buy
1538077092,299244980,0.0097203,0.2,buy
1538077092,299244979,0.0097203,0.2,buy
1538077092,299244978,0.0097203,0.20090351,buy
1538077092,299244977,0.0097203,0.2,buy
1538077092,299244976,0.0097203,0.20031312,buy
1538077092,299244975,0.0097203,0.2,buy
1538077092,299244974,0.0097203,0.2,buy
1538077092,299244973,0.0097203,7.152,buy
1538077092,299244972,0.0097203,5.082,buy
1538077088,299244965,0.0097202,0.4275,sell
1538077083,299244957,0.0097202,0.2989,sell
1538077069,299244924,0.0097202,0.2,sell
1538077069,299244923,0.009726,1.743,buy
1538077068,299244921,0.0097261,1.873,buy
1538077067,299244919,0.0097202,0.8,sell
1538077066,299244911,0.0097202,0.6,sell
1538077065,299244905,0.0097274,0.2,buy
1538077064,299244904,0.009725,0.35989,buy
1538077064,299244903,0.009725,0.2,buy
1538077064,299244902,0.0097262,12.0,buy
1538077063,299244898,0.0097215,96.647,buy
1538077063,299244897,0.0097202,2.98088855,sell
1538077063,299244894,0.0097201,4.0,buy
1538077063,299244893,0.009712,0.000006,buy
1538077063,299244892,0.009712,4.999994,buy
1538077063,299244891,0.0097083,0.000006,buy
1538077063,299244886,0.0097083,1.48421,buy
1538077063,299244885,0.009701,0.00000629,buy
1538077063,299244884,0.009701,1.43571645,buy
1538077063,299244883,0.0097,0.00000355,buy
1538077063,299244882,0.0097,11.64705,buy
1538077062,299244870,0.0097,3.35294645,buy
1538077062,299244869,0.0096983,0.00001141,buy
1538077061,299244858,0.0096983,0.894234,buy
1538077061,299244857,0.0096983,1.484216,buy
1538077060,299244856,0.0096945,5.0,buy
1538077060,299244855,0.0096861,2.09021,buy
1538077058,299244844,0.0096856,0.359,buy
1538077057,299244843,0.0096855,1.48062162,buy
1538077057,299244842,0.0096796,0.51937838,buy
1538077057,299244841,0.0096796,0.87,buy
1538077057,299244840,0.0096749,35.11443219,buy
1538077057,299244834,0.0096713,0.316,buy
1538077055,299244829,0.0096702,0.33151737,sell
1538077044,299244808,0.0096547,5.0,buy
1538076800,299244236,0.0096453,0.76356314,sell
1538076800,299244235,0.0096453,0.31915964,sell
1538076742,299244065,0.0096404,21.13875922,sell
1538076490,299243253,0.0096513,3.0,buy
1538076490,299243252,0.0096513,12.0,buy
1538076272,299242512,0.0096471,1.6866593,sell
1538076272,299242511,0.0096472,4.0,sell
1538076272,299242510,0.00965,7.0,sell
1538076272,299242509,0.00965,6.25566592,sell
1538076224,299242425,0.00965,2.74433408,sell
1538076206,299242385,0.0096566,11.216,buy
1538075979,299241739,0.0096726,3.8063931,buy
1538075968,299241527,0.009655,10.0,buy
1538075967,299241521,0.0096515,4.0,buy
1538075967,299241520,0.0096512,12.0,buy
1538075960,299241430,0.00965,6.0,sell
1538075912,299241132,0.0096535,0.2,sell
1538075887,299240956,0.009655,3.00670014,sell
1538075881,299240930,0.009655,2.0,sell
1538075880,299240928,0.009655,0.65,sell
1538075880,299240927,0.009655,3.112,sell
1538075880,299240921,0.009655,0.6,sell
1538075879,299240917,0.009655,3.057,sell
1538075878,299240906,0.009655,2.038,sell
1538075878,299240905,0.009655,0.695,sell
1538075877,299240901,0.009655,0.8,sell
1538075876,299240899,0.009655,51.78,sell
1538075876,299240894,0.009655,0.6,sell
1538075876,299240893,0.009655,0.874,sell
1538075876,299240892,0.009655,1.947,sell
1538075875,299240883,0.009655,2.95399286,sell
1538075875,299240882,0.00967,0.00000714,sell
1538075871,299240853,0.00967,28.11722,sell
1538075870,299240844,0.00967,0.48185076,sell
1538075870,299240843,0.00967,1.4009221,sell
1538075826,299240616,0.00967,15.0,sell
1538075823,299240572,0.00967,8.0,sell
1538075795,299240427,0.0096736,7.84826367,buy
1538075795,299240426,0.0096736,6.115,buy
1538075795,299240425,0.0096736,12.0,buy
1538075773,299240300,0.00967,7.0,buy
1538075772,299240298,0.0096548,13.62507852,sell
1538075772,299240297,0.0096549,10.33857809,sell
1538075772,299240296,0.0096566,7.47702503,sell
1538075772,299240295,0.0096573,10.33484911,sell
1538075772,299240294,0.0096574,30.0,sell
1538075772,299240293,0.0096589,4.22446925,sell
1538075772,299240292,0.0096615,40.0,sell
1538075772,299240291,0.0096643,4.0,sell
1538075748,299240221,0.0096699,0.22395065,buy
1538075748,299240220,0.0096699,2.59201645,buy
1538075748,299240219,0.0096699,1.40798355,buy
1538075721,299240089,0.0096749,0.2,buy
1538075655,299239764,0.0096665,1.0,sell
1538075655,299239762,0.009659,0.77649623,sell
1538075655,299239761,0.0096606,28.0,sell
1538075655,299239760,0.0096614,0.3588327,sell
1538075655,299239759,0.009664,30.0,sell
1538075655,299239758,0.0096657,4.22301417,sell
1538075655,299239757,0.0096676,30.0,sell
1538075655,299239756,0.0096683,10.43895551,sell
1538075655,299239755,0.0096684,15.0,sell
1538075655,299239754,0.0096685,0.20270139,sell
1538075622,299239593,0.009658,28.2873897,sell
1538075622,299239592,0.0096607,1.91344332,sell
1538075617,299239542,0.0096607,18.08655668,sell
1538075617,299239541,0.0096645,10.0,sell
1538075617,299239540,0.0096646,7.0,sell
1538075617,299239539,0.0096646,0.20594676,sell
1538075614,299239509,0.0096716,0.2,sell
1538075612,299239500,0.009685,47.055,sell
1538075598,299239427,0.009685,1.345,sell
1538075595,299239421,0.009685,1.6,sell
1538075590,299239409,0.0096915,3.79405324,sell
1538075590,299239408,0.0096916,0.20594676,sell
1538075555,299239320,0.0096967,0.2,sell
1538075555,299239318,0.0097,15.0,sell
1538075553,299239299,0.00971,9.0,sell
1538075553,299239297,0.00971,5.0,sell
1538075552,299239281,0.0097104,1.1753,sell
1538075481,299238856,0.0097149,0.83678779,buy
1538075345,299238537,0.0097106,3.0,sell
1538075311,299238437,0.0097129,12.0,buy
1538075311,299238436,0.0097143,20.0,buy
1538075311,299238435,0.009713,12.0,buy
1538075216,299238176,0.0097104,7.1047,sell
1538075101,299237312,0.0097148,3.12554792,buy
1538075030,299237060,0.0097104,0.2,buy
1538074942,299236742,0.0097175,1.40085236,buy
1538074938,299236652,0.0097175,5.79,buy
1538074933,299236638,0.0097149,11.99,buy
1538074915,299236594,0.0097205,1.28451851,sell
1538074887,299236515,0.0097206,0.2,sell
1538074859,299236351,0.0097249,0.8073028,buy
1538074815,299236155,0.009748,0.2,buy
1538074768,299235886,0.0097412,50.0,sell
1538074573,299235237,0.0097505,0.2,buy
1538074573,299235236,0.0097494,0.2,buy
1538074573,299235235,0.0097492,12.0,buy
1538074475,299234990,0.0097583,0.53569669,buy
1538074475,299234989,0.0097583,0.16407638,buy
1538074475,299234988,0.0097583,0.71128853,buy
1538074384,299234720,0.0097607,2.145,buy
1538074382,299234716,0.0097607,1.6,buy
1538074381,299234715,0.0097607,0.18648538,buy
1538074381,299234714,0.0097606,4.0,buy
1538074344,299234669,0.0097413,3.12554792,sell
1538074342,299234668,0.0097413,1.0,sell
1538074342,299234667,0.0097413,4.0,sell
1538074295,299234599,0.0097337,0.55535917,sell
1538074135,299233905,0.0097397,12.0,buy
1538074135,299233904,0.0097395,1.31883716,buy
1538074135,299233903,0.0097395,1.00057024,buy
1538074122,299233672,0.0097394,9.78718158,buy
1538074122,299233671,0.0097392,4.984,buy
1538074122,299233670,0.0097392,0.22881842,buy
1538074120,299233626,0.0097391,5.0,sell
1538074103,299233587,0.00974,2.0169656,buy
1538074103,299233586,0.0097399,12.0,buy
1538074103,299233585,0.0097398,0.9830344,buy
1538074072,299233519,0.0097585,5.0,sell
1538073975,299233242,0.0097629,1.85354798,sell
1538073975,299233241,0.0097629,2.47583609,sell
1538073975,299233240,0.0097642,10.22285831,sell
1538073975,299233239,0.0097654,7.0,sell
1538073931,299233179,0.0097799,1.50700676,buy
1538073931,299233178,0.0097749,3.99999324,buy
1538073931,299233177,0.0097748,12.0,buy
1538073931,299233176,0.0097743,2.493,buy
1538073925,299233158,0.0097714,0.296231,buy
1538073925,299233157,0.0097714,0.2,buy
1538073925,299233156,0.0097714,0.2,buy
1538073925,299233155,0.0097714,0.2,buy
1538073925,299233154,0.0097714,1.12873606,buy
1538073925,299233153,0.0097714,0.26494781,buy
1538073925,299233152,0.0097711,7.0,buy
1538073925,299233151,0.0097711,0.79989132,buy
1538073925,299233150,0.0097711,0.95119381,buy
1538073915,299233104,0.0097714,0.2,buy
1538073843,299232900,0.0097707,10.522,buy
1538073843,299232899,0.0097704,1.478,buy
1538073762,299232729,0.0097572,12.0,buy
1538073762,299232728,0.009757,2.11081,buy
1538073743,299232681,0.0097455,4.954278,sell
1538073665,299232472,0.009746,13.389366,sell
1538073665,299232471,0.0097467,7.0,sell
1538073535,299232048,0.0097505,0.6,sell
1538073457,299231864,0.0097461,0.42182,sell
1538073447,299231832,0.00975,1.725,buy
1538073391,299231630,0.0097448,0.5,buy
1538073350,299231448,0.0097315,22.13551579,sell
1538073323,299231340,0.0097246,0.5,buy
1538073304,299231215,0.0097101,2.493,sell
1538073304,299231214,0.0097101,0.2,sell
1538073303,299231209,0.00971,1.772,sell
1538073301,299231205,0.00971,1.80617324,sell
1538073301,299231204,0.0097222,0.19282676,sell
1538073300,299231193,0.0097222,1.33898243,sell
1538073300,299231192,0.0097243,0.00001757,sell
1538073300,299231191,0.0097243,1.53179162,sell
1538073300,299231189,0.0097246,0.00000838,sell
1538073299,299231187,0.0097246,1.07161,sell
1538073298,299231147,0.0097246,0.46019081,sell
1538073298,299231146,0.0097246,1.53180919,sell
1538073277,299230931,0.009745,0.50036,sell
1538073176,299230505,0.0097403,1.53183901,sell
1538073164,299230424,0.0097489,1.85677,sell
1538073145,299230387,0.0097749,9.83753947,buy
1538073145,299230386,0.0097714,1.50746053,buy
1538073145,299230385,0.00977,5.659,buy
1538073120,299230332,0.0097565,2.35953947,buy
1538073120,299230331,0.0097551,1.30746053,buy
1538073119,299230330,0.0097551,10.69253947,buy
1538073119,299230329,0.0097485,1.50746053,buy
1538073117,299230324,0.0097474,12.0,buy
1538073117,299230323,0.0097488,1.81776947,buy
1538073117,299230321,0.0097486,0.00000053,buy
1538073117,299230318,0.0097486,1.50746,buy
1538073117,299230316,0.0097475,2.1305,buy
1538073115,299230295,0.0097457,22.85340683,buy
1538073115,299230294,0.0097444,4.20159317,buy
1538073115,299230293,0.0097376,2.105,buy
1538073115,299230292,0.0097375,12.0,buy
1538073113,299230289,0.0097199,7.42802,buy
1538073110,299230278,0.0097199,4.57197509,buy
1538073075,299230146,0.0097194,0.08039126,sell
1538073075,299230145,0.0097194,0.61960874,sell
1538073052,299229975,0.0097221,2.105,sell
1538073052,299229974,0.0097225,1.02,sell
1538073052,299229973,0.0097225,1.509,sell
1538073052,299229972,0.0097225,0.677,sell
1538073051,299229971,0.0097225,0.817,sell
1538073050,299229969,0.0097225,2.0,sell
1538073049,299229966,0.0097225,2.603,sell
1538073049,299229965,0.0097225,0.732,sell
1538073049,299229964,0.0097225,0.466,sell
1538073049,299229963,0.0097225,1.09099246,sell
1538073049,299229962,0.0097546,0.00000754,sell
1538073038,299229835,0.0097546,24.32777,sell
1538073036,299229823,0.0097545,1.4784492,sell
1538073032,299229802,0.0097676,0.381,buy
1538073032,299229801,0.0097676,0.2,buy
1538073032,299229800,0.0097676,0.2,buy
1538073031,299229781,0.0097678,0.6,buy
1538073027,299229760,0.0097678,2.896,buy
1538073027,299229758,0.0097678,3.294,buy
1538073027,299229752,0.0097679,1.61399038,buy
1538073027,299229751,0.0097616,0.00000962,buy
1538073026,299229745,0.0097616,137.43587,buy
1538073026,299229736,0.0097463,0.0000092,buy
1538073025,299229733,0.0097463,1.47844,buy
1538073025,299229728,0.0097575,0.2,buy
1538073025,299229726,0.0097557,12.0,buy
1538073025,299229719,0.0097554,0.65379324,buy
1538073025,299229717,0.0097492,0.0000092,buy
1538073025,299229715,0.0097448,0.40784756,buy
1538073024,299229711,0.0097492,0.4999908,buy
1538073024,299229710,0.0097463,0.0000092,buy
1538073024,299229708,0.0097463,1.47844,buy
1538073020,299229613,0.0097091,2.0,sell
1538073012,299229353,0.0097195,0.2,buy
1538072990,299229245,0.0097192,0.03975891,sell
1538072990,299229244,0.0097192,0.8658202,sell
1538072990,299229243,0.0097192,0.2,sell
1538072990,299229242,0.0097192,0.2,sell
1538072990,299229241,0.0097192,0.34491707,sell
1538072990,299229240,0.0097192,0.2,sell
1538072904,299228818,0.0097296,2.94406703,buy
1538072904,299228817,0.0097295,3.99999318,buy
1538072904,299228816,0.0097227,1.05593979,buy
1538072904,299228815,0.0097196,12.0,buy
1538072871,299228616,0.0097189,0.46871667,buy
1538072854,299228522,0.0097135,0.2,sell
1538072849,299228479,0.0097115,0.2,sell
1538072848,299228478,0.0097226,1.52112912,sell
1538072844,299228452,0.0097291,2.47694,sell
1538072843,299228451,0.0097349,0.00000935,sell
1538072843,299228449,0.0097349,1.56072,sell
1538072833,299228383,0.0097392,9.89108878,sell
1538072833,299228382,0.0097396,1.56072935,sell
1538072833,299228381,0.0097427,7.0,sell
1538072833,299228380,0.0097427,1.54816729,sell
1538072833,299228379,0.0097502,0.00001458,sell
1538072791,299228164,0.0097502,1.54815271,sell
1538072791,299228163,0.0097573,0.00000729,sell
1538072789,299228155,0.0097573,1.54816,sell
1538072788,299228145,0.0097608,13.9999971,sell
1538072788,299228144,0.0097608,1.5230529,sell
1538072749,299227908,0.0097795,1.5230529,sell
1538072744,299227879,0.0097793,1.5230529,sell
1538072740,299227864,0.0097836,36.13,buy
1538072740,299227862,0.0097978,2.63274518,buy
1538072739,299227860,0.009779,1.5230529,sell
1538072739,299227859,0.0097933,3.914,buy
1538072738,299227846,0.0097898,0.00001111,buy
1538072737,299227835,0.0097898,11.17198772,buy
1538072737,299227834,0.0097867,0.00000228,buy
1538072737,299227830,0.0097867,2.04888,buy
1538072736,299227812,0.0097837,39.4,buy
1538072735,299227785,0.0097712,0.5,buy
1538072735,299227784,0.0097661,2.38293,buy
1538072689,299227603,0.00974,0.08819096,sell
1538072689,299227602,0.00974,0.60687007,sell
1538072626,299227080,0.0097497,1.61706972,buy
1538072622,299227041,0.0097494,1.61706972,buy
1538072620,299227027,0.0097497,1.61706972,buy
1538072617,299226999,0.0097497,1.61706972,buy
1538072613,299226974,0.0097408,0.699999,sell
1538072613,299226973,0.0097499,1.61706972,buy
1538072594,299226794,0.0097519,1.193,sell
1538072591,299226772,0.0097519,0.42393028,sell
1538072591,299226771,0.0097556,0.00006972,sell
1538072591,299226764,0.0097556,1.617,sell
1538072587,299226725,0.009756,0.5,sell
1538072587,299226721,0.0097592,10.22337051,sell
1538072587,299226720,0.0097592,20.43735949,sell
1538072586,299226717,0.0097771,0.02975312,sell
1538072583,299226684,0.0097772,4.0,sell
1538072574,299226373,0.0097771,0.5,sell
1538072540,299226037,0.0097907,8.05830256,buy
1538072540,299226036,0.0097898,4.40022368,buy
1538072540,299226035,0.0097872,4.0,buy
1538072540,299226034,0.0097865,22.0,buy
1538072540,299226033,0.0097834,18.0,buy
1538072540,299226032,0.0097831,0.69335994,buy
1538072540,299226031,0.0097831,0.2,buy
1538072540,299226030,0.0097831,0.42029054,buy
1538072540,299226029,0.0097831,1.38087503,buy
1538072540,299226028,0.0097831,2.00816154,buy
1538072540,299226027,0.009783,3.593,buy
1538072540,299226026,0.009783,11.46082706,buy
1538072540,299226025,0.009783,0.2115384,buy
1538072540,299226022,0.009783,0.32763454,buy
1538072421,299224732,0.0097694,2.10343469,sell
1538072421,299224731,0.0097694,2.60972996,sell
1538072418,299224633,0.0097907,8.09665327,buy
1538072416,299224584,0.0097899,12.0,buy
1538072414,299224548,0.0097898,2.0,buy
1538072412,299224541,0.0097897,0.58162294,buy
1538072412,299224540,0.0097897,0.77962592,buy
1538072412,299224539,0.0097897,0.69410245,buy
1538072410,299224525,0.0097865,12.888,buy
1538072410,299224524,0.0097864,0.95999542,buy
1538072410,299224523,0.0097864,11.04000458,buy
1538072397,299224454,0.009779,0.96,buy
1538072371,299224279,0.0097677,1.1999,sell
1538072345,299224106,0.009759,1.49088234,sell
1538072345,299224105,0.009759,3.51911728,sell
1538072256,299222958,0.0097714,0.2,buy
1538072256,299222957,0.0097709,10.0,buy
1538072237,299222864,0.0097574,2.0,sell
1538072226,299222812,0.0097683,0.7,buy
1538072190,299222522,0.0097651,4.55016128,buy
1538072190,299222521,0.0097624,10.0,buy
1538072190,299222520,0.0097598,6.743,buy
1538072190,299222519,0.0097598,0.2,buy
1538072190,299222518,0.0097598,0.32379662,buy
1538072190,299222517,0.0097598,0.30490983,buy
1538072190,299222516,0.0097598,0.71407971,buy
1538072190,299222515,0.0097596,0.28426122,buy
1538072190,299222514,0.0097596,0.2,buy
1538072190,299222513,0.0097596,0.2,buy
1538072190,299222512,0.0097596,0.47046927,buy
1538072190,299222511,0.00975,6.20917655,buy
1538072190,299222510,0.00975,0.00097854,buy
1538072146,299222251,0.00975,9.914,buy
1538072145,299222250,0.00975,4.39128513,buy
1538072144,299222249,0.00975,0.20426046,buy
1538072141,299222238,0.0097493,2.66677719,sell
1538072141,299222237,0.0097493,0.6888038,sell
1538072141,299222236,0.0097493,1.19990245,sell
1538072141,299222235,0.0097493,1.11105078,sell
1538072135,299222215,0.0097458,10.22265739,sell
1538072135,299222214,0.0097458,0.86138685,sell
1538072135,299222213,0.0097458,0.86149853,sell
1538072125,299222185,0.00975,0.30242509,buy
1538072125,299222184,0.0097462,0.00000879,buy
1538072118,299222165,0.0097462,4.76792,buy
1538072117,299222157,0.0097462,0.2,buy
1538072015,299221820,0.00975,0.18705078,buy
1538072015,299221819,0.0097473,0.54967245,buy
1538071950,299221499,0.0097414,0.91688106,sell
1538071871,299220755,0.0097357,3.0,sell
1538071682,299219599,0.0097348,0.01241472,buy
1538071682,299219598,0.0097348,0.32209199,buy
1538071682,299219597,0.0097348,0.26834945,buy
1538071682,299219596,0.0097348,0.2,buy
1538071584,299219278,0.009733,9.202,buy
1538071584,299219277,0.0097328,0.2,buy
1538071584,299219276,0.0097294,7.0,buy
1538071520,299219106,0.0097189,1.10206787,buy
1538071520,299219105,0.0097189,1.02419618,buy
1538071520,299219104,0.0097161,28.64188504,buy
1538071520,299219103,0.0097151,4.30594797,buy
1538071520,299219102,0.0097145,4.0,buy
1538071509,299219092,0.0096981,43.02156178,sell
1538071509,299219091,0.0096984,0.2,sell
1538071509,299219090,0.0096984,0.91853512,sell
1538071509,299219088,0.0096996,20.0,sell
1538071509,299219087,0.0097003,8.71599317,sell
1538071509,299219086,0.0097015,20.56985703,sell
1538071509,299219085,0.0097022,10.28912439,sell
1538071508,299219084,0.0097128,10.28492851,sell
1538071493,299219035,0.0096984,0.984,sell
1538071492,299219034,0.0096984,2.09746488,sell
1538071492,299219033,0.0097089,0.84053512,sell
1538071492,299219032,0.0097089,3.37,sell
1538071491,299219014,0.0097173,0.5,sell
1538071489,299219002,0.0097339,7.0,sell
1538071486,299218988,0.0097497,10.2436,sell
1538071432,299218789,0.0097298,9.8280941,buy
1538071432,299218786,0.0097298,25.81869198,buy
1538071432,299218783,0.0097271,0.00000802,buy
1538071432,299218780,0.0097271,0.91818,buy
1538071431,299218777,0.0097271,0.61798459,buy
1538071431,299218776,0.0097213,0.8,buy
1538071431,299218775,0.0097187,0.00001541,buy
1538071421,299218590,0.0097187,1.53820885,buy
1538071421,299218589,0.0097187,1.53822426,buy
1538071421,299218588,0.0097187,0.64468689,buy
1538071420,299218586,0.0097187,0.2,buy
1538071326,299218263,0.0097187,0.20506596,buy
1538071326,299218262,0.0097187,0.48847141,buy
1538071326,299218261,0.0097187,1.53822426,buy
1538071326,299218260,0.0097187,1.53822426,buy
1538071326,299218259,0.0097186,1.13910045,buy
1538071326,299218258,0.0097185,4.0,buy
1538071326,299218257,0.0097134,0.857,buy
1538071326,299218256,0.0097133,3.8988684,buy
1538071326,299218255,0.00971,7.0,buy
1538071228,299217948,0.00971,0.7095018,buy
1538071210,299217834,0.0096939,12.0,buy
1538071130,299217667,0.0096772,0.44451615,sell
1538071115,299217627,0.0096769,3.93291082,sell
1538071115,299217626,0.0096769,16.06708918,sell
1538071115,299217624,0.0096769,0.93291082,sell
1538071115,299217623,0.0096896,0.00000918,sell
1538071029,299217410,0.0096897,1.58548918,buy
1538071021,299217226,0.0096896,1.58548,sell
1538071021,299217224,0.0096932,6.21047,sell
1538071017,299217198,0.0096914,5.64662428,sell
1538071017,299217197,0.0096944,0.00000572,sell
1538071017,299217195,0.0096944,0.62151,sell
1538071016,299217187,0.0096944,0.89914244,sell
1538071016,299217186,0.0096965,0.00000957,sell
1538071016,299217185,0.0096965,2.11484,sell
1538071016,299217184,0.0096965,1.88515043,sell
1538071016,299217183,0.0096991,1.52065816,sell
1538070805,299216313,0.0097284,1.17016978,buy
1538070805,299216312,0.0097284,0.26683022,buy
1538070803,299216310,0.0097284,0.687,buy
1538070803,299216308,0.0097284,0.536,buy
1538070797,299216276,0.0097249,0.92999978,buy
1538070797,299216275,0.0097249,0.00000022,buy
1538070796,299216256,0.0097249,1.48983,buy
1538070795,299216252,0.0097216,0.2,buy
1538070795,299216251,0.0097199,154.9261,buy
1538070795,299216250,0.0097199,95.0739,buy
1538070794,299216243,0.0097237,0.23216956,buy
1538070794,299216242,0.009719,1.48983022,buy
1538070794,299216241,0.0097174,0.5,buy
1538070794,299216240,0.0097096,0.00000022,buy
1538070793,299216235,0.0097096,1.48983,buy
1538070791,299216146,0.0097029,10.0144,buy
1538070791,299216133,0.0097028,12.0,buy
1538070791,299216114,0.0096999,11.99999978,buy
1538070791,299216113,0.0096965,0.00000022,buy
1538070790,299216112,0.0096965,1.48983,buy
1538070760,299216049,0.0096902,1.48983022,sell
1538070756,299216032,0.0096907,1.48983022,sell
1538070752,299216023,0.0096912,1.48983022,sell
1538070745,299216015,0.0096922,1.96803102,sell
1538070672,299215764,0.0096899,4.0,buy
1538070672,299215763,0.0096899,10.7,buy
1538070671,299215755,0.0096899,1.3,buy
1538070663,299215708,0.0097,5.287,sell
1538070663,299215703,0.0097,9.713,sell
1538070627,299215385,0.0097001,6.83386443,sell
1538070627,299215384,0.0097001,3.56729157,sell
1538070617,299215348,0.0097073,0.2,sell
1538070614,299215341,0.009718,0.00091068,sell
1538070614,299215336,0.009718,0.287,sell
1538070466,299213763,0.0097328,0.4327,sell
1538070459,299213707,0.0097472,11.65168507,buy
1538070459,299213706,0.009745,7.0,buy
1538070459,299213705,0.0097448,3.71731493,buy
1538070453,299213664,0.0097497,0.29698217,buy
1538070440,299213581,0.0097479,4.45764932,buy
1538070440,299213580,0.009745,7.0,buy
1538070432,299213549,0.0097388,2.85,buy
1538070428,299213503,0.0097468,2.44,buy
1538070427,299213488,0.0097146,0.00000567,buy
1538070420,299213432,0.0097146,0.82474,buy
1538070410,299213395,0.0097124,0.4131285,sell
1538070410,299213394,0.0097124,5.185,sell
1538070200,299212434,0.0097063,0.44979293,buy
1538070200,299212433,0.0097063,7.81961267,buy
1538070200,299212432,0.0097063,3.08814695,buy
1538070200,299212431,0.0097063,1.09224038,buy
1538070177,299212366,0.0097,15.0,buy
1538070148,299212260,0.0096934,4.39,buy
1538070140,299212200,0.0096793,6.4524209,sell
1538070140,299212199,0.0096821,7.0,sell
1538070140,299212198,0.0096821,11.5463871,sell
1538070140,299212197,0.0096821,15.4536129,sell
1538070134,299212167,0.0096875,2.83,buy
1538070132,299212134,0.0096862,2.432,buy
1538070131,299212123,0.0096818,0.6,buy
1538070131,299212106,0.009672,60.0,buy
1538070130,299212100,0.0096679,0.24435227,buy
1538070130,299212099,0.009655,0.00000773,buy
1538069976,299211551,0.009655,59.5047,buy
1538069972,299211464,0.009655,0.49529227,buy
1538069963,299211444,0.0096499,0.24435488,sell
1538069755,299210863,0.0096449,16.80038108,buy
1538069755,299210862,0.0096414,30.0,buy
1538069755,299210861,0.0096398,7.0,buy
1538069755,299210860,0.0096398,12.0,buy
1538069751,299210852,0.0096399,8.61521352,buy
1538069708,299210645,0.0096249,12.0,buy
1538069672,299210568,0.0096651,2.122,buy
1538069661,299210453,0.009639,12.0,buy
1538069661,299210445,0.0096391,12.0,buy
1538069659,299210428,0.0096299,12.0,buy
1538069654,299210409,0.0096099,2.44935,buy
1538069642,299210344,0.0096148,1.55064418,buy
1538069641,299210343,0.0096035,12.39017783,sell
1538069638,299210337,0.0096149,1.55064418,buy
1538069632,299210311,0.0096164,1.55064418,buy
1538069624,299210303,0.0096247,1.55064418,buy
1538069623,299210297,0.0096032,0.633,sell
1538069621,299210286,0.0096225,0.2,sell
1538069621,299210285,0.0096083,3.049,sell
1538069621,299210284,0.0096083,2.18599605,sell
1538069621,299210283,0.0096084,0.00000395,sell
1538069621,299210282,0.0096084,0.21901,sell
1538069620,299210279,0.0096083,3.407,sell
1538069619,299210266,0.0096163,0.397,sell
1538069618,299210264,0.0096174,4.255,sell
1538069618,299210263,0.0096223,10.37721,sell
1538069617,299210227,0.0096223,2.93961072,sell
1538069617,299210226,0.0096225,0.52077706,sell
1538069617,299210225,0.0096225,0.52053151,sell
1538069617,299210224,0.0096327,0.00000373,sell
1538069615,299210211,0.009646,1.55064418,buy
1538069615,299210205,0.0096327,0.21065,sell
1538069611,299210186,0.00965,15.0,sell
1538069611,299210185,0.0096514,4.99999,sell
1538069609,299210182,0.0096526,0.2,sell
1538069608,299210173,0.00966,1.55064418,buy
1538069581,299209926,0.0096525,10.0,sell
1538069581,299209925,0.0096525,2.4202734,sell
1538069581,299209924,0.0096532,5.0,sell
1538069581,299209923,0.0096535,8.47885663,sell
1538069581,299209922,0.0096541,4.24198676,sell
1538069581,299209921,0.0096588,5.0,sell
1538069581,299209920,0.0096589,0.2,sell
1538069581,299209919,0.0096611,4.65788321,sell
1538069491,299209521,0.009663,0.3,sell
1538069491,299209520,0.0096632,0.2,sell
1538069491,299209519,0.0096632,0.2,sell
1538069425,299209141,0.009666,30.0,sell
1538069417,299209108,0.0096665,0.2,buy
1538069348,299208770,0.009663,2.0,sell
1538069347,299208769,0.009663,0.488,sell
1538069347,299208768,0.0096631,0.2,sell
1538069347,299208767,0.0096631,0.519,sell
1538069346,299208756,0.0096631,3.481,sell
1538069338,299208725,0.0096926,0.0860315,buy
1538069338,299208724,0.0096899,1.12747107,buy
1538069315,299208639,0.0096842,1.12747107,sell
1538069120,299208149,0.0097033,13.12582935,buy
1538069120,299208148,0.0096999,2.54114258,buy
1538069120,299208147,0.0096999,1.45885742,buy
1538069120,299208146,0.0096987,3.32358726,buy
1538069120,299208145,0.0096987,2.56313014,buy
1538069120,299208144,0.0096987,5.1032826,buy
1538069030,299207929,0.0096868,3.02025513,sell
1538069030,299207928,0.0096872,5.97974487,sell
1538069030,299207927,0.0096872,4.3327229,sell
1538068945,299207630,0.0096965,0.34211,sell
1538068838,299207448,0.0096766,0.00000713,buy
1538068838,299207447,0.0096766,27.81212,buy
1538068838,299207445,0.0096766,3.37482994,buy
1538068838,299207442,0.0096766,1.76304293,buy
1538068823,299207388,0.0096766,7.0,sell
1538068811,299207362,0.0096732,5.8,sell
1538068811,299207361,0.0096755,4.0,sell
1538068811,299207360,0.0096755,0.2,sell
1538068769,299207222,0.0097004,0.19998952,sell
1538068769,299207221,0.0097004,0.34238865,sell
1538068769,299207220,0.0097004,0.2,sell
1538068769,299207219,0.0097038,0.00000183,sell
1538068769,299207218,0.0097038,0.45859,sell
1538068769,299207217,0.0097039,0.00001641,sell
1538068769,299207216,0.0097039,0.97243086,sell
1538068769,299207215,0.0097039,0.98825914,sell
1538068769,299207214,0.0097064,0.00000723,sell
1538068769,299207211,0.0097064,3.44789,sell
1538068623,299206480,0.0097043,0.2,buy
1538068620,299206462,0.009693,0.00000757,buy
1538068620,299206460,0.009693,9.40238,buy
1538068620,299206459,0.009693,40.0,buy
